2512 3874
93 217 160 282 184
577 212 617 268 VI

165 371 195 425 et
217 363 365 426 condensa
388 367 497 442 queant
519 378 661 441 apparere
685 367 715 420 et
737 357 825 420 simul
847 360 912 437 ipso

92 454 277 520 4001011100
301 452 337 513 de
359 453 468 512 montis
491 449 646 509 videantur
669 466 791 526 surgere
815 450 846 507 in
869 445 1009 506 aethram.

166 559 233 601 nam
256 540 320 601 loca
343 537 472 599 declarat
495 555 613 598 sursum
636 542 757 596 ventosa
779 542 880 615 patere

166 647 215 690 res
238 631 302 709 ipsa
325 634 355 688 et
378 644 497 706 sensus,
519 627 628 686 montis
652 642 719 684 cum
742 623 928 684 ascendimus
952 621 1036 682 altos.

95 713 488 797 4701110010100110111111110
510 715 586 774 mari
609 731 726 791 quoque
749 711 852 772 tollere
876 717 938 771 toto
1063 732 1116 772 410

167 823 291 884 corpora
313 811 447 863 naturam
470 800 620 862 declarant
641 800 726 861 litore
750 807 847 860 vestes

96 909 148 960 405
168 910 341 972 suspensae,
365 909 433 951 cum
455 891 626 969 concipiunt
647 890 761 949 umoris
784 888 951 949 adhaesum.

169 998 226 1060 quo
249 981 343 1057 magis
365 979 402 1040 ad
424 978 513 1039 nubis
536 977 684 1056 augendas
707 975 798 1037 multa
820 976 958 1038 videntur

167 1086 254 1148 posse
278 1085 394 1146 quoque
418 1085 435 1127 e
458 1065 535 1126 salso
559 1083 738 1144 consurgere
759 1067 888 1125 momine
911 1067 1008 1144 ponti:

96 1163 151 1216 475
167 1174 234 1217 nam
257 1158 332 1216 ratio
356 1156 601 1233 consanguineast
622 1152 776 1214 umoribus
800 1152 873 1214 ollis.
1064 1175 1116 1216 aas

168 1251 321 1324 praeterea
343 1243 440 1303 fluviis
463 1262 500 1304 ex
524 1241 660 1302 omnibus
684 1249 714 1302 et
737 1241 826 1302 simul
848 1244 913 1320 ipsa

97 1350 151 1398 410
170 1350 291 1411 surgere
314 1331 350 1392 de
373 1339 453 1392 terra
476 1329 598 1391 nebulas
622 1336 796 1407 aestumque
818 1329 965 1411 ridemus,

170 1439 244 1500 quae
272 1419 351 1481 velut
374 1419 483 1480 halitus
506 1419 576 1479 binc
598 1421 639 1478 ita
662 1436 781 1478 sursum
804 1435 944 1497 expressa
967 1418 1115 1480 feruntur

116 1551 122 1564 .
170 1508 401 1587 suffunduntque
424 1525 477 1567 sua
500 1505 614 1567 eaelum
637 1505 815 1584 ealiginect
837 1505 909 1566 altas

97 1605 155 1656 400
169 1597 320 1657 sufficiunt
341 1595 429 1656 uubis
452 1594 593 1675 paulatim
616 1594 833 1654 conveniendo:
1065 1618 1116 1658 aso

169 1690 255 1763 urget
278 1686 357 1743 enim
381 1701 498 1761 quoque
521 1683 657 1760 signiferi
680 1700 769 1761 super
792 1683 920 1742 aetheris
944 1690 1043 1744 aestus

97 1790 151 1839 415
171 1778 201 1832 01
223 1773 308 1850 quasi
330 1770 480 1830 densendo
505 1768 634 1830 subtexit
656 1769 773 1830 caerula
796 1770 914 1830 nimbis.

170 1861 204 1919 tit
231 1875 347 1937 quoque
374 1863 408 1918 111
433 1856 492 1918 11110
514 1859 633 1918 veniant
655 1859 686 1918 in
709 1856 823 1918 caelum
847 1860 1032 1920 extrinsecus
1056 1859 1113 1921 illa

171 1965 295 2026 corpora
318 1963 392 2024 quae
415 1945 527 2006 iaciunt
549 1945 637 2006 nubis
659 1944 836 2025 nimbosque
858 1945 996 2007 volantis:

99 2042 154 2094 405
173 2032 419 2095 innumerabilem
433 2035 513 2093 enim
526 2051 683 2095 numerum
697 2052 900 2114 summamque
914 2035 1054 2114 profundi
1066 2059 1117 2100 aes

172 2142 237 2184 esse
261 2123 406 2183 infinitam
429 2120 529 2203 docui,
552 2128 717 2201 quantaque
741 2121 873 2184 volarent

99 2229 153 2280 400
171 2229 296 2290 corpora
318 2208 481 2270 mobilitate
505 2210 621 2270 ostendi
645 2228 790 2289 quamque
814 2218 936 2290 repente

171 2297 404 2360 immemorabile
421 2314 481 2376 per
504 2301 631 2377 spatium
653 2301 780 2359 transire
804 2298 942 2360 solerent.

171 2388 243 2448 haut
265 2389 356 2465 igitur
378 2388 529 2466 mirumst,
553 2389 579 2446 si
600 2403 689 2465 parvo
712 2392 846 2466 tempore
869 2405 956 2467 saepe

99 2483 232 2537 40010111
254 2476 368 2553 magnis
392 2472 501 2534 nimbis
523 2480 683 2552 tempestas
706 2481 793 2552 atque
816 2474 956 2536 tenebrae
1068 2499 1118 2539 rao

173 2564 328 2642 coperiunt
350 2563 442 2622 maria
465 2580 498 2622 ac
521 2568 616 2622 terras
639 2563 763 2641 inpensa
787 2580 928 2644 supame,

100 2667 153 2717 405
172 2649 303 2727 undique
327 2649 566 2727 quandoquidem
587 2667 642 2728 per
665 2648 762 2710 caulas
785 2650 914 2711 aetheris
938 2653 1034 2711 omnis

173 2744 203 2798 et
226 2738 310 2815 quasi
331 2754 386 2815 per
408 2740 507 2815 magni
530 2740 643 2798 circum
666 2736 812 2817 spiracula
834 2738 938 2799 mundi

173 2827 269 2887 exitus
292 2826 490 2902 introitusque
513 2825 667 2885 elementis
691 2826 824 2886 redditus
847 2833 934 2888 extat.

100 2922 155 2974 405
215 2912 301 2973 Nunc
324 2930 390 2992 age,
414 2930 472 2990 quo
494 2919 580 2990 pacto
602 2912 720 2992 pluvius
744 2922 915 2975 concrescat
937 2917 969 2975 in
987 2913 1054 2975 altis
1069 2937 1118 2980 aas

172 3000 301 3061 nubibus
323 3017 423 3079 umor,
446 3002 529 3059 01111
552 3007 647 3060 terras
671 3000 818 3062 demissus
840 3010 875 3062 ut
896 3001 992 3062 imber

100 3105 154 3155 400
173 3088 303 3167 decidat,
327 3086 489 3165 expediam.
525 3089 654 3166 primum
677 3090 736 3148 iam
759 3091 872 3150 semina
895 3092 981 3168 aquai

172 3175 264 3237 multa
287 3175 376 3236 simul
397 3177 513 3235 vincam
536 3192 715 3254 consurgere
738 3177 866 3238 nubibus
889 3180 963 3255 ipsis

174 3260 311 3323 omnibus
335 3282 371 3323 011
393 3261 496 3344 rebus,
521 3265 691 3342 pariterque
714 3265 755 3325 ita
778 3283 912 3326 crescere
935 3253 1118 3349 utrumque,

102 3360 159 3412 500
175 3358 205 3412 01
227 3349 325 3430 nubis,
348 3357 378 3410 et
401 3369 515 3431 aquam,
539 3369 740 3430 quaecumque
764 3355 795 3414 in
818 3352 947 3415 nubibus
969 3361 1057 3436 extat,
1072 3376 1119 3420 ooo

173 3445 206 3500 ut
228 3439 340 3515 pariter
362 3437 447 3499 nobis
472 3457 579 3518 corpus
603 3457 670 3500 cum
693 3444 835 3520 sanguine
860 3445 980 3522 crescit,

100 3544 155 3594 495
175 3526 265 3587 sudor
283 3527 363 3606 item,
382 3533 468 3604 atque
487 3546 574 3589 umor
593 3530 800 3609 quicumquest
817 3531 944 3609 deniquo
959 3530 1118 3596 membris.
