2496 3876
531 215 812 273 PROLEGOMENA.
1050 215 1175 272 LXXVII

166 358 301 425 occidere
322 362 353 423 Β.
389 361 557 442 opprimere
582 366 619 426 ut
642 363 782 426 uidemur
808 364 861 424 Mr.
888 364 1025 426 absurde.
1048 398 1090 410 —
1110 361 1174 428 288

164 467 308 513 reaacure
330 469 360 511 s:
382 469 527 514 reuocare
549 451 622 533 00„
649 452 727 532 quad
751 471 811 514 nan
833 461 914 514 recte
937 453 1042 533 probat
1065 453 1175 514 Vahlen

167 538 188 598 1.
203 557 227 599 ο.
241 537 378 601 revocasti
390 539 538 601 Lm.BMr.
554 559 623 619 erga
638 541 748 622 aether,
761 560 821 603 nan
835 548 928 622 terra3
944 541 995 602 sed
1012 545 1063 623 qui
1076 550 1176 621 potest

166 627 271 688 aether
289 628 325 688 ad
344 627 483 689 diluviem
501 625 656 689 revocari?
670 663 712 672 -
727 627 792 690 292
814 626 850 692 im
867 626 1007 693 calidum
1021 677 1027 692 .
1041 677 1048 691 .
1064 628 1175 692 umbem

166 715 268 776 B.Mr.:
290 713 326 777 im
343 713 469 778 aalide.
485 763 492 776 .
511 715 569 787 00.
591 714 627 778 'irc
642 716 849 796 precidem..
866 717 1173 782 aenum-298

167 804 251 866 dum
263 802 546 875 cantassemus
561 812 656 866 recte:
670 823 739 868 cum
751 805 935 870 aeuith.B.
946 841 988 850 —
999 805 1063 868 319
1081 804 1092 886 ss
1109 805 1174 868 320

167 897 212 954 at
225 889 313 954 celeri
326 891 384 964 00.
395 939 402 953 .
413 938 437 952 ..
456 889 547 972 lapsu
563 889 574 972 ΙΙ
591 893 717 955 alterum
735 903 816 956 certe
828 902 930 956 utrum
943 913 1062 956 versum
1077 897 1173 956 eicere

167 981 261 1042 valuit
281 980 437 1042 Lucretius
461 982 496 1041 ci.
517 1001 545 1060 p.
563 981 674 1042 XXVII.
697 980 815 1044 319..
838 981 928 1060 icius,
952 981 1018 1046 320
1040 984 1070 1045 ei
1086 979 1175 1045 celeri

168 1070 234 1131 edd.
256 1069 324 1130 inde
348 1068 383 1129 ab
405 1069 536 1130 Marullo.
551 1103 594 1114 —-
610 1068 673 1132 346
686 1069 877 1152 perfrimpii
892 1071 1004 1133 Maruli
1022 1071 1090 1132 Mn:
1102 1088 1175 1150 per-

166 1158 238 1239 fipii
250 1157 282 1219 0.
296 1177 372 1220 corr.
390 1175 406 1220 e
417 1156 575 1238 perfrepit.
599 1157 725 1238 perfipii
736 1158 831 1220 Lm.B.
842 1157 982 1240 -ipsis
999 1157 1174 1240 cerporibus

166 1264 287 1309 rerum:
313 1244 385 1324 ipsu
406 1245 531 1318 OQedd.
551 1281 593 1288 —
612 1244 676 1310 358
699 1245 934 1327 imteruirmsque
955 1269 981 1309 v.
1001 1249 1037 1309 ad
1055 1246 1174 1311 11518:

166 1334 380 1412 interutraque
396 1333 492 1394 Lm.B.
507 1368 550 1378 —
565 1332 629 1397 363
651 1332 740 1398 umbi
761 1335 926 1397 Lm.BMr:
947 1334 1035 1399 uobis
1057 1336 1115 1408 00.
1131 1371 1173 1381 -

168 1421 233 1486 367
237 1471 243 1483 .
267 1419 339 1485 365.
363 1419 427 1485 368
438 1441 480 1501 sq.
508 1422 590 1484 Bkm.
618 1442 686 1485 nam
712 1443 773 1484 nan
798 1425 908 1504 frigore
936 1432 966 1486 et
992 1432 1088 1506 aestu,
1122 1426 1173 1485 sed

169 1511 287 1590 ignibus
307 1517 336 1571 et
354 1513 449 1571 ventis
468 1529 542 1590 opus
561 1519 608 1572 est
625 1511 661 1572 ad
680 1511 846 1574 fabricanda
865 1512 995 1574 fulmina.
1006 1546 1048 1556 -—
1059 1511 1123 1576 364
1130 1533 1172 1592 sq.

162 1595 548 1680 prmmmlaris..pars
570 1602 781 1679 etpostremu
801 1599 914 1680 caparis
937 1603 1053 1680 tempus
1075 1600 1177 1664 idest

167 1705 296 1751 aerumu
312 1687 413 1748 Lamb.
431 1687 498 1748 Mu:
520 1692 704 1766 pareest..
727 1687 885 1768 siparis..
904 1688 963 1762 00.
982 1735 1011 1751 ..
1028 1707 1109 1768 pars
1131 1693 1175 1752 est

167 1774 292 1857 riparis,
320 1777 437 1854 tempus
460 1777 496 1836 ui
516 1777 561 1837 esi
580 1776 642 1837 Lm.
665 1775 809 1838 sissi..
832 1775 869 1838 id
888 1780 933 1839 est
951 1777 982 1838 B.
998 1811 1039 1820 -
1055 1775 1120 1841 365
1130 1798 1172 1858 sq.

168 1882 263 1944 quare
278 1881 422 1944 pupmre
443 1865 589 1926 necessest
609 1862 773 1928 dissimiles
795 1863 875 1927 iuter
897 1883 929 1928 se
945 1881 1012 1928 res
1029 1864 1091 1927 Lm.
1114 1884 1173 1946 quo

167 1971 216 2016 res
235 1999 268 2014 ..
291 1950 371 2014 iuter
392 1969 455 2014 sese
476 1951 507 2013 B.
540 1950 702 2015 dissimciis
726 1971 776 2016 res
801 1952 883 2016 iuter
908 1971 940 2016 se
964 1954 1017 2014 Mr.
1041 1988 1083 1997 -
1108 1953 1172 2018 379

167 2040 276 2121 quidue
297 2057 436 2102 mmmem
457 2043 576 2119 queat.
599 2087 607 2102 .
630 2040 725 2102 Bkm.:
755 2059 860 2104 meere
882 2041 1008 2114 OQedd.
1027 2075 1069 2086 —-
1095 2041 1172 2120 [383

169 2125 291 2207 -385]
307 2155 348 2178 =
363 2125 503 2209 85-87,
525 2128 687 2190 Neumann.
710 2130 747 2189 de
769 2129 915 2208 interpell.
938 2148 966 2209 p.
983 2127 1034 2210 17,
1057 2129 1171 2190 Gneiss

168 2218 205 2278 de
228 2216 335 2277 versib.
357 2219 389 2276 in
411 2215 442 2276 L.
467 2235 555 2277 earm.
578 2219 712 2297 repetitis
735 2236 763 2295 p.
779 2214 830 2297 79,
854 2219 905 2295 qui
928 2225 995 2278 ante
1018 2215 1083 2279 382
1107 2237 1171 2278 ver-

168 2325 235 2367 sum
253 2305 397 2366 excidisse
416 2312 507 2384 putat.
526 2338 568 2348 —
587 2303 652 2366 392
674 2321 732 2383 qua
748 2303 932 2384 quoiquesi
950 2304 1018 2365 Mn:
1045 2322 1104 2384 qua
1125 2302 1174 2368 im

166 2396 254 2473 quest
269 2393 327 2464 OQ.
350 2411 409 2472 quc
431 2391 568 2471 cuiquest
586 2391 680 2453 Lm.B.
704 2425 746 2436 —
770 2390 834 2455 399
857 2408 1023 2456 caaemuus
1047 2392 1172 2464 OQedd.

161 2498 333 2561 paveamus
346 2481 429 2542 Bkm.
449 2482 501 2542 sed
521 2480 631 2561 eadem,
645 2499 720 2560 quae
738 2483 770 2540 in
788 2498 957 2564 aaacmuus,
974 2483 1007 2542 in
1024 2482 1062 2544 ut
1075 2480 1175 2545 citare

166 2587 313 2649 queamus
341 2571 463 2630 offensio
492 2576 545 2629 est
581 2577 668 2649 poeta
694 2588 798 2648 pamm
831 2571 963 2632 attendit.
1008 2590 1065 2651 quo
1093 2574 1173 2631 enim

167 2660 269 2738 ingere
287 2654 458 2738 possimus?
472 2691 515 2701 -
533 2655 598 2720 446
609 2676 652 2737 sq.
675 2655 782 2720 modis
800 2705 807 2718 .
826 2704 833 2718 .
852 2657 1033 2739 iumpediia
1054 2658 1173 2739 empuis

168 2746 292 2818 OQedd.
311 2746 393 2806 Bkm.
416 2744 512 2807 mmm
530 2743 649 2825 eripuis
666 2744 771 2826 Lm.B.,
794 2746 907 2808 seilicet
928 2756 962 2809 ut
980 2767 1048 2809 saxa
1066 2756 1096 2808 et
1114 2748 1172 2807 fer·

167 2853 235 2896 rum
257 2835 293 2895 ei.
315 2829 433 2896 11103.
460 2833 634 2895 Memorem
657 2853 724 2895 cum
746 2833 932 2895 Lachmanno
955 2853 1094 2915 peccasse
1117 2837 1172 2896 mi·

167 2925 251 2984 reris.
266 2956 308 2967 -
322 2920 388 2984 449
406 2919 478 2984 iude
501 2939 548 2985 cu
567 2941 607 2983 se.
625 2919 741 2998 achila,
765 2940 831 2983 eum
854 2920 947 2984 nubes
969 2926 1172 3004 praecesserit,

167 3018 247 3073 recte
261 3010 320 3083 00.
343 3030 369 3072 v.
387 3029 415 3090 p.
434 3009 512 3071 XIX:
534 3007 608 3073 haec
625 3013 643 3072 i.
661 3031 685 3072 e.
708 3009 766 3073 icae
782 3010 932 3071 Lm.B.Mr.
950 3010 1020 3070 Pali
1041 3011 1171 3072 scrihere

167 3117 226 3160 non
249 3102 354 3180 patuit,
376 3118 444 3160 nam
467 3116 554 3160 nemo
577 3099 608 3160 id
631 3118 699 3181 non,
722 3107 860 3160 neutrum
883 3116 948 3159 esse
972 3105 1067 3180 ratus,
1095 3095 1171 3162 ἀνα-

167 3194 315 3270 φορικῶς
342 3187 379 3248 ad
407 3185 481 3250 haee
511 3204 639 3267 corpora
669 3188 802 3248 referret.
822 3221 865 3230 —
887 3182 953 3249 453
985 3205 1079 3266 quum
1109 3185 1175 3251 sirei

166 3293 312 3356 quaeque
338 3274 439 3356 mupis
467 3275 549 3336 codd.
577 3276 636 3337 ital.
659 3275 771 3337 Marcili.
794 3274 908 3338 Lamia
941 3293 1057 3356 quaque
1080 3276 1170 3347 00.Β.

166 3365 229 3447 Mr„
251 3366 470 3428 Lachmannum
494 3368 601 3446 secuti,
629 3367 680 3444 qui
704 3365 760 3425 hac
782 3381 898 3443 quaque
920 3365 999 3425 idem
1022 3364 1083 3426 vrrlt
1106 3382 1171 3424 esse

168 3453 246 3530 quod
267 3451 387 3533 quique,
410 3452 488 3531 quod
513 3470 572 3512 non
590 3461 670 3513 reete
689 3455 909 3530 interpretatur.
933 3452 969 3513 ci.
989 3451 1026 3511 ad
1043 3449 1170 3512 111668.

167 3573 209 3583 -
224 3537 289 3602 483
312 3542 377 3602 tam
399 3538 522 3620 mappis
539 3539 691 3603 nimbis
708 3539 780 3621 Lm,
802 3541 919 3600 incerta
942 3536 1098 3600 ..mauu's
1112 3536 1170 3607 00.
