2500 3882
626 171 640 224 I

201 318 310 380 talibus
333 319 364 378 in
388 319 499 399 cansiS,
521 317 629 378 nedum
652 319 794 378 variantia
817 336 918 378 rerum

200 414 281 468 tanta
304 412 392 484 queat
411 406 515 471 ,densis
537 408 671 484 rarisque
695 424 731 466 ex
754 405 871 484 ignibus
896 424 969 466 esse.

126 502 185 554 655
201 495 232 555 id
256 511 385 572 quoque:
409 495 435 553 si
458 493 566 554 faciant
588 493 749 554 admixtum
771 493 861 554 rebus
885 496 985 575 inane,
1096 507 1135 548 666

126 591 182 641 660
202 583 320 643 denseri
342 587 483 661 poterunt
505 583 588 660 ignes
611 584 729 660 rarique
753 581 894 662 relinqui3

203 671 255 732 sed
278 671 346 748 quia
368 668 459 730 multa
483 668 540 728 sibi
563 676 689 730 cernunt
712 672 858 730 contraria
880 687 1000 730 rursum

202 765 232 820 et
254 759 380 836 fugitant
402 760 434 817 in
456 755 546 818 rebus
568 758 655 818 inane
678 757 847 836 relinquere
868 776 991 839 purum,

202 845 292 906 ardua
315 845 385 906 dum
406 851 556 926 metuunt,
579 848 717 907 amittunt
738 864 808 907 vera
829 848 899 926 viai,

126 941 185 993 660
203 952 259 995 nec
281 951 400 994 rursum
423 940 548 994 oernrmt
570 941 706 1013 exempto
731 933 821 994 rebus
843 936 924 994 inani
1096 947 1135 988 ceo

128 1030 183 1080 656
204 1023 301 1082 omnia
324 1021 442 1082 denseri
465 1022 589 1100 fierique
613 1040 649 1082 ex
673 1021 809 1082 omnibus
831 1040 924 1083 unum
1032 1061 1048 1088 6

202 1127 323 1190 corpus,
345 1109 388 1170 nil
410 1108 446 1169 ab
471 1128 503 1170 se
526 1109 604 1188 quod
627 1113 722 1189 possit
743 1112 860 1170 mittere
884 1113 1004 1192 raptim,

202 1198 323 1258 aestifer
343 1199 419 1277 ignis
443 1199 488 1258 uti
509 1197 610 1258 lumen
632 1200 701 1258 iacit
724 1205 811 1276 atque
834 1216 985 1280 vaporem,

202 1293 235 1347 ut
256 1285 356 1346 videas
379 1304 439 1346 non
461 1303 478 1346 e
502 1287 617 1365 stipatis
639 1285 774 1365 partibus
798 1304 871 1347 esse.

128 1380 187 1432 665
203 1374 281 1453 quod
304 1376 332 1434 si
353 1374 429 1434 forte
452 1373 508 1434 alia
531 1373 656 1434 oredrmt
677 1377 791 1435 ratione
814 1381 931 1453 potesse
1095 1385 1135 1428 666

129 1470 183 1519 660
202 1464 280 1540 ignis
303 1463 334 1523 in
358 1469 444 1523 coetu
467 1463 578 1540 stingui
598 1468 773 1540 mutareque
796 1479 917 1541 corpuS,

203 1549 328 1630 scilicet,
351 1568 387 1610 ex
409 1548 489 1610 nulla
512 1550 609 1610 facere
632 1549 662 1609 id
686 1553 713 1610 si
734 1555 817 1628 parte
841 1555 1009 1630 reparcent,

202 1637 317 1698 occidet
338 1638 374 1698 ad
397 1637 504 1718 nilum,
526 1639 702 1719 nimirum,
725 1638 857 1698 funditus
880 1637 968 1697 ardor

202 1728 298 1786 omnis
321 1733 351 1786 et
372 1743 389 1787 e
409 1725 471 1786 nilo
494 1727 566 1786 fient
589 1745 791 1806 quaecumque
815 1732 965 1787 creantur:

131 1821 188 1872 670
201 1832 269 1875 nam
291 1813 496 1892 quodcumque
520 1815 583 1874 suis
605 1821 750 1875 mutatum
773 1813 880 1875 finibus
905 1816 978 1894 exit,
1096 1826 1135 1866 6⁷⁰

130 1910 182 1960 666
202 1904 341 1962 continuo
364 1901 420 1962 boc
442 1919 522 1962 mors
546 1909 592 1962 est
617 1902 696 1964 illius
721 1903 799 1981 quod
821 1903 878 1962 fuit
900 1909 976 1962 ante.

200 1989 324 2071 proinde
348 1988 457 2068 aliquid
481 2007 621 2068 superare
644 1997 796 2051 necessest
818 1989 964 2050 incolume
989 1988 1067 2069 ollis,

200 2098 238 2140 ne
261 2077 317 2139 tibi
339 2096 388 2138 res
411 2077 534 2138 redeant
556 2078 592 2137 ad
615 2077 708 2138 nilum
731 2078 863 2138 funditus
886 2094 988 2137 omnes

202 2168 238 2228 de
260 2166 380 2244 niloque
403 2172 504 2227 renata
527 2166 655 2244 vigescat
678 2168 761 2244 copia
782 2184 891 2225 rerum.

131 2261 187 2312 675
202 2273 281 2316 nunc
304 2256 396 2334 igitur
419 2255 558 2332 quoniam
581 2255 745 2314 certissima
768 2271 891 2331 corpora
915 2251 1057 2331 quaedam
1096 2265 1135 2306 ou

131 2351 184 2401 670
203 2351 283 2424 sunt,
307 2361 380 2422 quae
404 2348 579 2402 conservant
601 2347 735 2402 naturam
759 2358 876 2420 semper
899 2340 1035 2421 eandem,

203 2449 327 2509 quorum
350 2430 432 2491 abitu
455 2436 505 2490 aut
527 2429 608 2490 aditu
630 2435 801 2508 mutatoque
825 2428 928 2489 ordine
950 2435 1064 2490 mutant

202 2524 336 2579 naturam
357 2537 407 2580 res
430 2525 461 2578 et
483 2524 657 2578 convertunt
680 2536 803 2598 corpora
826 2535 904 2598 sese,

203 2608 279 2666 scire
302 2605 372 2667 licet
394 2625 454 2667 non
478 2623 543 2666 esse
566 2606 639 2667 baec
662 2608 748 2685 ignea
771 2625 894 2686 corpora
915 2625 1024 2668 rerum.

131 2701 188 2752 660
201 2693 244 2753 nil
267 2694 391 2754 referret
414 2696 493 2755 enim
517 2694 659 2773 quaedam
683 2695 839 2775 decedere,
863 2694 956 2776 abire,
1096 2708 1136 2748 68⁰

132 2789 183 2839 676
203 2788 290 2860 atque
313 2781 369 2842 alia
392 2781 533 2864 adtribui,
556 2785 723 2861 mutarique
747 2783 850 2844 ordine
874 2783 1029 2864 quaedam,

203 2872 229 2931 si
250 2877 349 2930 tamen
372 2869 485 2930 ardoris
508 2878 643 2932 naturam
666 2878 771 2932 cuncta
793 2878 941 2932 tenerent:

201 2960 278 3037 ignis
302 2960 382 3018 enim
404 2957 481 3017 foret
504 2959 679 3020 omnimodis
703 2960 907 3039 quodcumque
931 2966 1073 3019 crearent.

202 3063 313 3126 verum,
331 3053 364 3106 ut
382 3048 495 3126 opinor,
514 3048 596 3107 itast:
616 3055 684 3108 sunt
703 3048 845 3127 quaedam
860 3065 991 3127 corpora,
1010 3064 1136 3125 quorum

131 3141 188 3192 685
202 3152 364 3195 concursus
387 3141 484 3194 motus
508 3133 579 3195 ordo
602 3138 735 3215 positura
757 3138 867 3214 figurae
1097 3148 1137 3189 ees
1246 3135 1247 3148 ¹

132 3229 184 3280 680
202 3223 334 3284 efficiunt
357 3223 448 3304 ignis,
471 3229 640 3302 mutatoque
664 3223 766 3284 ordine
789 3230 904 3285 mutant

201 3317 336 3371 naturam
359 3329 456 3390 neque
480 3319 549 3372 sunt
572 3313 634 3390 igni
657 3310 792 3372 simulata
814 3329 910 3390 neque
934 3312 987 3373 ulli

201 3406 354 3479 praeterea
377 3401 422 3460 rei
446 3418 520 3479 quae
544 3418 667 3479 corpora
689 3401 808 3459 mittere
830 3402 925 3478 possit

202 3488 339 3550 sensibus
363 3495 393 3549 et
415 3495 533 3549 nostros
556 3488 671 3548 adiectu
694 3495 815 3566 tangere
837 3496 941 3549 tactus.

888 3592 903 3640 2
910 3589 924 3621 it
