2512 3874
120 245 183 307 122
607 243 646 298 IV

189 398 219 450 et
241 392 379 468 quoniam
402 409 462 450 non
485 397 532 451 est
555 393 640 469 quasi
662 391 739 470 quod
764 391 913 451 suffulciat
935 398 1030 471 artus,
1100 413 1148 454 eso

188 477 285 538 debile
309 480 342 538 tit
364 497 485 560 corpus,
509 478 761 558 languescuntque
786 482 883 539 omnia
906 475 1053 558 mem'hra,

188 566 327 627 bracchia
350 566 567 645 palpebraeque
591 567 711 648 cadunt,
733 567 920 646 poplitesque
942 563 1101 646 †cubanti

117 671 173 721 950
188 673 275 733 saepe
299 661 396 715 tamen
420 657 645 715 summittuntur
666 657 798 734 virisque
821 654 980 715 resolvunt.

118 760 168 807 935
189 742 294 802 deinde
319 742 418 803 cibum
441 745 576 820 sequitur
601 760 735 822 somnus,
764 745 846 822 quia,
874 761 948 822 quae
971 744 1041 803 lacit
1066 749 1147 824 aer,

187 831 260 890 haec
284 830 386 889 eadem
409 829 506 912 cibus,
529 832 560 890 iu
583 849 673 891 venas
695 831 766 890 dum
790 831 902 891 diditur
926 833 1035 912 omnis,
1097 854 1147 894 955

188 919 287 978 elficit.
325 924 355 977 et
376 917 468 978 multo
492 936 581 996 sopor
604 917 653 978 ille
677 921 869 997 gravissimus
892 926 1000 1000 exstat,

189 1024 277 1084 quem
301 1013 382 1066 satur
405 1014 455 1066 aut
476 1005 572 1067 lassus
596 1009 708 1087 capias,
731 1009 799 1085 quia
822 1007 950 1086 plurima
973 1015 1036 1068 tum
1061 1026 1099 1068 se

117 1111 171 1159 955
188 1112 312 1172 corpora
335 1093 512 1154 conturbant
533 1111 639 1172 magno
662 1101 786 1155 contusa
807 1095 917 1155 labore.

118 1200 169 1246 940
189 1183 222 1242 ht
244 1184 357 1241 ratione
380 1183 483 1242 eadem
506 1184 657 1242 coniectus
680 1185 788 1260 partim
811 1185 920 1244 animai

189 1269 288 1351 altior,
311 1277 398 1349 atque
421 1270 500 1329 foras
524 1272 636 1330 eiectus
660 1269 769 1348 largior
792 1273 870 1352 eius,

189 1365 219 1418 et
242 1358 363 1418 divisior
386 1360 464 1418 inter
488 1376 519 1418 se
538 1377 572 1418 ac
595 1359 764 1418 distractior
786 1361 867 1419 intus

614 1466 630 1504 s

232 1533 270 1594 Et
293 1552 350 1612 quo
375 1536 500 1613 quisque
523 1535 585 1594 lere
610 1534 707 1596 studio
730 1534 884 1595 devinctus
908 1534 1060 1616 adhaeret,

118 1638 174 1688 90¹0
188 1629 239 1682 aut
262 1622 370 1700 quibus
393 1624 425 1681 in
448 1622 538 1682 rebus
561 1623 686 1682 multum
710 1641 813 1683 sumus
836 1629 904 1683 ante
927 1625 1034 1683 morati

118 1725 169 1773 945
189 1717 275 1787 atque
298 1711 329 1768 in
353 1727 388 1769 ea
410 1711 523 1769 ratione
546 1709 603 1770 luit
626 1718 762 1770 contenta
784 1713 878 1789 magis
900 1729 998 1793 mens,

189 1799 220 1857 iu
245 1798 356 1856 somnis
380 1796 482 1856 eadem
505 1796 678 1876 plerumque
701 1797 836 1859 videmur
859 1797 954 1859 obire:
1095 1825 1142 1866 aaa

189 1883 332 1944 causidici
354 1902 457 1943 causas
480 1902 566 1962 agere
590 1892 620 1946 et
642 1904 819 1964 componere
842 1885 936 1968 leges,

189 1972 414 2050 induperatores
437 1989 569 2050 pugnare
592 1991 625 2032 ac
648 1974 760 2052 proelia
783 1973 879 2055 obire,

118 2078 173 2126 965
190 2067 295 2121 nautae
319 2066 503 2120 contractum
527 2078 594 2121 cum
617 2063 713 2121 ventis
737 2061 845 2140 degere
869 2062 1013 2144 duellum,

119 2165 171 2213 950
189 2167 244 2209 nos
268 2166 354 2227 agere
378 2148 434 2208 hoc
457 2154 555 2208 autem
579 2155 608 2208 et
630 2157 766 2209 naturam
789 2169 931 2229 quaerere
955 2169 1056 2212 rerum

189 2255 307 2316 semper
330 2243 360 2296 et
381 2238 530 2296 inventam
552 2239 656 2314 patriis
679 2255 828 2316 exponere
852 2239 969 2299 chartis.
1091 2265 1137 2305 oro

190 2333 288 2385 cetera
312 2326 354 2384 sic
378 2323 475 2384 studia
498 2331 585 2401 atque
609 2332 687 2385 artes
710 2325 884 2405 plerumque
907 2327 1045 2387 videntur

189 2415 220 2473 iu
244 2415 356 2473 somnis
379 2415 493 2472 animos
516 2413 668 2472 hominum
691 2413 831 2475 frustrata
851 2421 963 2475 tenere.

118 2516 174 2567 970
190 2508 220 2560 et
243 2502 421 2578 quicumque
445 2500 508 2560 dies
530 2500 639 2560 multos
662 2520 697 2560 ex
722 2502 826 2562 ordine
848 2501 926 2562 ludis

119 2605 170 2655 955
189 2587 327 2648 adsiduas
350 2587 496 2648 dedemmt
519 2606 637 2669 operas,
659 2589 833 2669 plerumque
856 2590 1003 2672 videmuS,

189 2694 257 2737 cum
280 2677 338 2734 iam
362 2675 539 2736 destiterunt
562 2695 595 2736 ea
619 2677 756 2738 sensibus
779 2696 936 2758 usurpare,
1090 2703 1136 2745 ers

188 2763 315 2825 relicuas
338 2769 437 2822 tamen
460 2782 525 2824 esse
549 2766 610 2824 rias
634 2766 665 2824 in
688 2773 786 2826 mente
808 2769 950 2846 patentis,

189 2872 246 2932 qua
269 2854 385 2932 possint
408 2851 509 2911 eadem
532 2871 634 2912 rerum
657 2852 813 2914 simulacra
834 2855 950 2914 venire:

118 2957 172 3007 975
186 2960 241 3020 per
263 2940 371 3001 multos
395 2941 493 3017 itaque
517 2940 566 2999 illa
590 2941 653 3000 dies
677 2941 779 3001 eadem
803 2941 995 3002 obversantur

119 3045 170 3093 960
190 3036 257 3090 ante
281 3030 396 3110 oculos,
420 3030 508 3088 etiam
531 3028 684 3106 vigilantes
707 3036 741 3089 ut
763 3029 918 3090 rideantur

190 3135 313 3177 cernere
336 3116 469 3177 saltantis
493 3122 523 3176 et
544 3115 644 3176 mollia
667 3117 798 3178 membra
820 3119 978 3199 moventiS,
1091 3143 1135 3185 eso

190 3211 220 3264 et
243 3205 371 3266 citharae
394 3204 540 3284 liquidum
564 3223 682 3265 carmen
706 3205 889 3284 chordasque
912 3205 1062 3285 loquentis

190 3291 311 3352 auribus
334 3295 481 3375 accipere,
505 3300 534 3353 et
557 3312 730 3354 consessum
753 3311 876 3354 cernere
899 3295 1026 3354 eundem

119 3396 175 3444 980
190 3381 348 3457 scenaique
372 3380 461 3440 simul
482 3383 579 3440 varios
604 3380 758 3460 splendere
784 3382 915 3442 decores.

121 3483 171 3532 965
191 3484 285 3545 usque
309 3467 381 3527 adeo
405 3471 502 3547 magni
525 3469 616 3528 refert
639 3469 769 3529 studium
793 3476 880 3547 atque
903 3469 1049 3552 voluptas,

192 3561 221 3614 et
244 3553 351 3632 quibus
374 3557 405 3614 in
428 3555 517 3617 rebus
542 3559 712 3618 consuerint
735 3575 801 3617 esse
824 3559 937 3636 operati
1093 3582 1137 3624 oss
