2496 3876
614 226 627 279 Ῑ
1100 228 1120 291 9

100 379 165 428 280
187 373 248 432 rim
270 370 398 432 subitam
420 371 560 432 tolerare:
583 375 624 433 ita
646 391 751 452 magno
774 374 910 435 turbidus
934 374 1023 435 imbri

187 458 315 521 molibus
337 461 476 540 incurrit,
499 460 603 522 validis
626 480 693 523 cum
716 461 841 543 viribus,
865 464 972 543 amnis,

189 547 239 608 dat
261 549 361 608 sonitu
383 566 487 626 magno
511 555 639 627 stragem
662 550 808 630 volvitque
833 550 887 611 sub
911 550 998 610 undis

189 636 309 714 grandia
333 653 402 698 saxa
424 639 543 715 ruitque
566 639 607 697 ita
631 638 772 717 quidquid
794 638 933 700 lluctibus
957 637 1059 699 obstat.

105 732 175 785 290
190 726 234 784 sic
256 726 347 802 igitur
370 723 479 784 debent
499 727 581 785 venti
604 744 719 805 quoque
742 727 860 788 flamina
883 727 967 807 lerri3
1082 740 1122 780 sco

107 818 168 870 285
190 830 264 891 quae
288 811 378 872 veluti
400 811 529 873 validum
552 831 620 874 cum
643 814 752 875 flumen
774 814 959 894 procubuere

190 918 277 980 quam
300 899 373 960 libet
394 901 425 961 in
448 906 577 981 partem,
600 901 723 963 trudunt
745 920 793 963 res
817 910 884 963 ante
907 909 1055 981 ruuntque

189 988 347 1068 impetibus
371 987 498 1070 crebris,
520 989 669 1051 interdum
692 993 801 1051 vertice
824 998 901 1052 torto

189 1079 354 1155 corripiunt
376 1077 536 1156 rapideque
559 1081 669 1139 rotanti
691 1078 810 1140 turbine
830 1085 957 1158 portant.

111 1172 174 1225 395
189 1184 280 1245 quare
303 1167 391 1226 etiam
415 1172 502 1243 atque
527 1168 614 1226 etiam
637 1173 706 1228 sunt
728 1169 808 1228 venti
831 1185 953 1246 corpora
973 1184 1067 1248 caeca,
1083 1179 1121 1220 ²⁹⁵

112 1261 170 1311 330
190 1253 427 1333 quandoquidem
450 1253 535 1314 lactis
559 1260 589 1313 et
610 1254 742 1315 moribus
766 1254 880 1316 aemula
902 1257 1016 1333 magnis

189 1341 324 1403 amnibus
346 1343 549 1421 inveniuntur,
572 1349 673 1420 aperto
696 1361 819 1421 corpore
843 1344 993 1421 quisunt.

188 1437 251 1491 tum
274 1447 363 1509 porro
385 1431 482 1490 varios
505 1447 606 1490 rerum
629 1432 772 1490 sentimus
795 1430 915 1511 odores,

187 1536 244 1579 nec
265 1525 364 1578 tamen
387 1518 423 1578 ad
446 1521 527 1579 naris
549 1520 696 1579 venientis
719 1520 867 1579 cernimus
891 1536 1043 1598 umquam,

115 1613 173 1665 300
187 1625 243 1667 nec
266 1606 375 1667 calidos
398 1612 497 1666 aestus
520 1609 644 1688 tuimur,
667 1624 722 1668 000
745 1607 854 1685 frigora
877 1608 995 1685 quimus
1082 1619 1121 1660 ³0⁰

116 1701 170 1752 035
188 1713 333 1773 usurpare
357 1693 463 1773 oculis,
486 1711 541 1754 nec
562 1713 650 1755 voces
672 1713 795 1756 cernere
819 1712 951 1775 suemus;

190 1801 264 1862 quae
286 1790 385 1843 tamen
408 1783 506 1842 omnia
529 1800 669 1861 corporea
691 1790 827 1844 constare
850 1789 1002 1843 necessest

189 1878 306 1952 natura,
329 1871 466 1950 quoniam
490 1886 595 1930 sensus
618 1871 759 1949 inpellere
782 1878 920 1951 possunt:

189 1967 309 2038 tangere
337 1961 416 2019 enim
441 1965 472 2018 et
492 1960 586 2039 tangi,
613 1961 672 2020 nisi
694 1977 816 2039 corpus,
833 1958 922 2020 *nulla
944 1965 1042 2036 potest
1064 1975 1120 2018 res,

118 2055 173 2108 305
189 2049 317 2126 denique
340 2047 505 2125 fluctifrago
529 2065 689 2125 suspensae
711 2049 743 2107 in
765 2047 851 2108 litore
875 2052 971 2107 restes
1083 2059 1123 2100 305

119 2144 170 2195 300
188 2142 344 2216 uvescunt,
367 2134 487 2195 eaedem
511 2134 665 2214 dispansae
688 2137 719 2195 in
743 2135 804 2195 sole
828 2141 989 2195 serescunt.

189 2232 219 2286 at
241 2241 337 2302 neque
361 2241 418 2302 quo
441 2229 526 2302 pacto
549 2222 715 2302 persederit
736 2240 823 2283 umor
845 2224 931 2300 aquai

188 2315 326 2392 visumst,
348 2329 404 2372 nec
426 2328 545 2372 rursum
570 2328 626 2389 quo
649 2317 734 2390 pacto
757 2311 865 2388 fugerit
887 2316 977 2370 aestu.

189 2405 222 2462 in
244 2418 347 2480 parvas
370 2402 461 2479 igitur
483 2400 576 2478 partis
599 2399 780 2477 dispergitur
802 2415 901 2479 umor,

121 2498 173 2549 310
190 2508 263 2568 quas
286 2488 364 2549 oculi
386 2487 466 2549 nulla
489 2494 614 2566 possunt
635 2488 749 2546 ratione
771 2485 880 2546 ridere.
1083 2499 1123 2540 aro

122 2585 172 2636 305
190 2580 262 2657 quin
285 2579 374 2638 etiam
396 2574 497 2637 multis
521 2574 591 2637 solis
614 2573 807 2635 redeuntibus
830 2576 914 2635 annis

190 2665 294 2727 anulus
316 2667 348 2724 in
371 2664 462 2742 digito
486 2663 588 2724 subter
610 2670 749 2724 tenuatur
770 2662 918 2743 babendo,

191 2752 311 2814 stilicidi
334 2769 419 2812 casus
442 2751 570 2832 lapidem
593 2757 686 2832 cavat,
709 2769 804 2812 uncus
827 2753 917 2812 aratri

190 2842 304 2902 ferreus
328 2839 441 2901 occulte
465 2840 611 2900 decrescit
632 2857 734 2900 vomer
756 2842 788 2900 in
810 2842 901 2920 arvis,

125 2936 175 2990 315
190 2936 337 3009 strataque
360 2931 419 2988 iam
442 2927 519 3006 volgi
541 2927 667 3006 pedibus
691 2927 797 2988 detrita
820 2929 933 2988 viarum
1084 2939 1123 2980 ³1⁵

126 3025 173 3076 310
190 3036 276 3078 saxea
300 3019 511 3096 conspicimus3
534 3021 597 3076 tum
620 3021 720 3094 portas
742 3023 864 3094 propter
886 3019 959 3074 aena

191 3108 273 3185 signa
296 3123 400 3166 manus
424 3105 542 3165 dextras
565 3103 725 3164 ostendunt
746 3103 899 3163 adtenuari

192 3212 278 3274 saepe
301 3193 479 3254 salutantum
501 3197 582 3252 tactu
603 3198 781 3270 praeterque
804 3196 960 3250 meantum.

189 3282 261 3344 baec
283 3284 375 3361 igitur
398 3283 505 3361 minui,
528 3297 596 3340 cum
619 3281 680 3340 sint
702 3279 821 3358 detrita,
844 3277 992 3338 videmus:

127 3376 176 3429 330
190 3371 241 3431 sed
265 3388 340 3450 quae
363 3387 486 3448 corpora
509 3368 653 3429 decedant
674 3369 705 3426 in
728 3373 861 3444 tempore
885 3383 1016 3446 quoqne,
1085 3379 1125 3418 aro

128 3465 173 3516 315
189 3459 287 3519 invida
309 3457 469 3537 praeclusit
491 3452 515 3536 †
538 3457 668 3534 speciem
691 3460 795 3514 natura
817 3452 945 3514 videndi.

188 3554 338 3626 postremo
363 3561 564 3625 quaecumque
588 3543 652 3603 dies
673 3549 837 3619 naturaque
860 3540 949 3601 rebus
