<?xml version="1.0" encoding="UTF-8"?>
<!DOCTYPE html PUBLIC "-//W3C//DTD XHTML 1.0 Transitional//EN"
    "http://www.w3.org/TR/xhtml1/DTD/xhtml1-transitional.dtd">
<html xmlns="http://www.w3.org/1999/xhtml" xml:lang="en" lang="en">
 <head>
  <title>
</title>
<meta http-equiv="Content-Type" content="text/html;charset=utf-8" />
  <meta name='ocr-system' content='tesseract 3.04.00' />
  <meta name='ocr-capabilities' content='ocr_page ocr_carea ocr_par ocr_line ocrx_word'/>
</head>
<body>
  <div class='ocr_page' id='page_1' title='image "./tlucreticarider20carugoog_0038.png"; bbox 0 0 2496 3876; ppageno 0'>
   <div class='ocr_carea' id='block_1_1' title="bbox 483 243 1128 301">
    <p class='ocr_par' dir='ltr' id='par_1_1' title="bbox 483 243 1128 301">
     <span class='ocr_line' id='line_1_1' title="bbox 483 243 1128 301; baseline 0 -4"><span class='ocrx_word' id='word_1_1' title='bbox 483 243 765 301; x_wconf 74' lang='lat' dir='ltr'><strong>PROLEGOMENA.</strong></span> <span class='ocrx_word' id='word_1_2' title='bbox 1038 243 1128 298; x_wconf 85' lang='lat' dir='ltr'>XXXI</span> 
     </span>
    </p>
   </div>
   <div class='ocr_carea' id='block_1_2' title="bbox 120 383 1128 473">
    <p class='ocr_par' dir='ltr' id='par_1_2' title="bbox 120 383 1128 473">
     <span class='ocr_line' id='line_1_2' title="bbox 120 383 1128 473; baseline 0.001 -23"><span class='ocrx_word' id='word_1_3' title='bbox 120 383 232 469; x_wconf 88' lang='lat' dir='ltr'><strong>earum,</strong></span> <span class='ocrx_word' id='word_1_4' title='bbox 248 407 322 468; x_wconf 91' lang='lat' dir='ltr'><strong>quae</strong></span> <span class='ocrx_word' id='word_1_5' title='bbox 336 391 368 449; x_wconf 93' lang='lat' dir='ltr'><strong>in</strong></span> <span class='ocrx_word' id='word_1_6' title='bbox 382 389 505 469; x_wconf 89' lang='lat' dir='ltr'><strong>reliquis</strong></span> <span class='ocrx_word' id='word_1_7' title='bbox 518 389 603 452; x_wconf 90' lang='lat' dir='ltr'><strong>libris</strong></span> <span class='ocrx_word' id='word_1_8' title='bbox 623 399 731 473; x_wconf 86' lang='lat' dir='ltr'>extant,</span> <span class='ocrx_word' id='word_1_9' title='bbox 750 397 779 452; x_wconf 94' lang='lat' dir='ltr'><strong>ct</strong></span> <span class='ocrx_word' id='word_1_10' title='bbox 798 387 933 452; x_wconf 86' lang='lat' dir='ltr'><strong>auctores</strong></span> <span class='ocrx_word' id='word_1_11' title='bbox 952 398 982 451; x_wconf 91' lang='lat' dir='ltr'><strong>et</strong></span> <span class='ocrx_word' id='word_1_12' title='bbox 999 392 1128 452; x_wconf 91' lang='lat' dir='ltr'><strong>rationes</strong></span> 
     </span>
    </p>
   </div>
   <div class='ocr_carea' id='block_1_3' title="bbox 120 477 1128 558">
    <p class='ocr_par' dir='ltr' id='par_1_3' title="bbox 120 477 1128 558">
     <span class='ocr_line' id='line_1_3' title="bbox 120 477 1128 558; baseline 0.001 -21"><span class='ocrx_word' id='word_1_13' title='bbox 120 477 198 538; x_wconf 82' lang='lat' dir='ltr'><strong>inira</strong></span> <span class='ocrx_word' id='word_1_14' title='bbox 219 495 272 537; x_wconf 94' lang='lat' dir='ltr'><strong>suo</strong></span> <span class='ocrx_word' id='word_1_15' title='bbox 293 494 425 555; x_wconf 88' lang='lat' dir='ltr'><strong>quaeque</strong></span> <span class='ocrx_word' id='word_1_16' title='bbox 444 477 508 539; x_wconf 93' lang='lat' dir='ltr'><strong>loco</strong></span> <span class='ocrx_word' id='word_1_17' title='bbox 527 478 618 540; x_wconf 89' lang='lat' dir='ltr'><strong>relata</strong></span> <span class='ocrx_word' id='word_1_18' title='bbox 638 482 777 541; x_wconf 91' lang='lat' dir='ltr'><strong>invenies.</strong></span> <span class='ocrx_word' id='word_1_19' title='bbox 819 480 851 540; x_wconf 94' lang='lat' dir='ltr'><strong>in</strong></span> <span class='ocrx_word' id='word_1_20' title='bbox 869 479 887 539; x_wconf 90' lang='lat' dir='ltr'><strong>l.</strong></span> <span class='ocrx_word' id='word_1_21' title='bbox 905 478 942 538; x_wconf 87' lang='lat' dir='ltr'><strong>lv</strong></span> <span class='ocrx_word' id='word_1_22' title='bbox 960 480 1128 558; x_wconf 81' lang='lat' dir='ltr'><strong>transposui</strong></span> 
     </span>
    </p>
   </div>
   <div class='ocr_carea' id='block_1_4' title="bbox 120 561 1133 3636">
    <p class='ocr_par' dir='ltr' id='par_1_4' title="bbox 120 561 1130 1614">
     <span class='ocr_line' id='line_1_4' title="bbox 120 561 1129 648; baseline 0.001 -23"><span class='ocrx_word' id='word_1_23' title='bbox 120 566 207 626; x_wconf 92' lang='lat' dir='ltr'><strong>haec:</strong></span> <span class='ocrx_word' id='word_1_24' title='bbox 225 561 357 626; x_wconf 88' lang='grc'>45-48</span> <span class='ocrx_word' id='word_1_25' title='bbox 380 572 447 626; x_wconf 94' lang='lat' dir='ltr'><strong>ante</strong></span> <span class='ocrx_word' id='word_1_26' title='bbox 471 563 522 648; x_wconf 86' lang='lat'><strong>26,</strong></span> <span class='ocrx_word' id='word_1_27' title='bbox 543 564 605 629; x_wconf 88' lang='grc'><strong>127</strong></span> <span class='ocrx_word' id='word_1_28' title='bbox 626 586 667 647; x_wconf 90' lang='lat' dir='ltr'><strong>sq.</strong></span> <span class='ocrx_word' id='word_1_29' title='bbox 686 576 754 647; x_wconf 89' lang='lat' dir='ltr'><strong>post</strong></span> <span class='ocrx_word' id='word_1_30' title='bbox 770 565 824 648; x_wconf 92' lang='lat'><strong>41,</strong></span> <span class='ocrx_word' id='word_1_31' title='bbox 842 563 972 630; x_wconf 88' lang='grc'>51-53</span> <span class='ocrx_word' id='word_1_32' title='bbox 991 574 1059 646; x_wconf 89' lang='lat' dir='ltr'><strong>post</strong></span> <span class='ocrx_word' id='word_1_33' title='bbox 1075 562 1129 646; x_wconf 90' lang='grc'>43,</span> 
     </span>
     <span class='ocr_line' id='line_1_5' title="bbox 122 649 1130 737; baseline -0.001 -23"><span class='ocrx_word' id='word_1_34' title='bbox 122 650 297 716; x_wconf 84' lang='grc'>230-238</span> <span class='ocrx_word' id='word_1_35' title='bbox 318 661 386 731; x_wconf 87' lang='lat' dir='ltr'><strong>post</strong></span> <span class='ocrx_word' id='word_1_36' title='bbox 404 649 456 735; x_wconf 92' lang='grc'><strong>97,</strong></span> <span class='ocrx_word' id='word_1_37' title='bbox 480 652 655 717; x_wconf 90' lang='grc'>129-140</span> <span class='ocrx_word' id='word_1_38' title='bbox 677 664 745 736; x_wconf 90' lang='lat' dir='ltr'><strong>post</strong></span> <span class='ocrx_word' id='word_1_39' title='bbox 769 654 841 736; x_wconf 91' lang='grc'>109,</span> <span class='ocrx_word' id='word_1_40' title='bbox 865 651 1038 717; x_wconf 91' lang='grc'>168-173</span> <span class='ocrx_word' id='word_1_41' title='bbox 1059 662 1130 737; x_wconf 82' lang='lat' dir='ltr'><strong>post</strong></span> 
     </span>
     <span class='ocr_line' id='line_1_6' title="bbox 123 739 1129 823; baseline -0.001 -21"><span class='ocrx_word' id='word_1_42' title='bbox 123 739 197 823; x_wconf 89' lang='grc'>140,</span> <span class='ocrx_word' id='word_1_43' title='bbox 218 739 281 803; x_wconf 96' lang='grc'><strong>174</strong></span> <span class='ocrx_word' id='word_1_44' title='bbox 300 759 343 820; x_wconf 91' lang='lat' dir='ltr'><strong>sq.</strong></span> <span class='ocrx_word' id='word_1_45' title='bbox 366 744 444 802; x_wconf 87' lang='lat' dir='ltr'><strong>inter</strong></span> <span class='ocrx_word' id='word_1_46' title='bbox 469 740 532 804; x_wconf 92' lang='grc'><strong>125</strong></span> <span class='ocrx_word' id='word_1_47' title='bbox 556 751 586 804; x_wconf 87' lang='lat' dir='ltr'><strong>et</strong></span> <span class='ocrx_word' id='word_1_48' title='bbox 611 741 673 806; x_wconf 87' lang='lat'><strong>143</strong></span> <span class='ocrx_word' id='word_1_49' title='bbox 696 747 818 804; x_wconf 87' lang='lat' dir='ltr'><strong>inserui.</strong></span> <span class='ocrx_word' id='word_1_50' title='bbox 864 740 1039 805; x_wconf 88' lang='grc'>858-876</span> <span class='ocrx_word' id='word_1_51' title='bbox 1062 750 1129 820; x_wconf 90' lang='lat' dir='ltr'><strong>post</strong></span> 
     </span>
     <span class='ocr_line' id='line_1_7' title="bbox 123 826 1128 913; baseline -0.001 -23"><span class='ocrx_word' id='word_1_52' title='bbox 123 826 188 891; x_wconf 89' lang='grc'><strong>906</strong></span> <span class='ocrx_word' id='word_1_53' title='bbox 216 829 368 911; x_wconf 81' lang='lat' dir='ltr'><strong>collocavi,</strong></span> <span class='ocrx_word' id='word_1_54' title='bbox 395 832 466 890; x_wconf 88' lang='lat' dir='ltr'><strong>item</strong></span> <span class='ocrx_word' id='word_1_55' title='bbox 494 828 578 892; x_wconf 91' lang='grc'>1039</span> <span class='ocrx_word' id='word_1_56' title='bbox 603 851 646 912; x_wconf 89' lang='lat' dir='ltr'><strong>sq.</strong></span> <span class='ocrx_word' id='word_1_57' title='bbox 673 829 863 913; x_wconf 78' lang='lat' dir='ltr'><strong>posc1036,</strong></span> <span class='ocrx_word' id='word_1_58' title='bbox 888 829 974 892; x_wconf 90' lang='grc'>1124</span> <span class='ocrx_word' id='word_1_59' title='bbox 1002 830 1128 908; x_wconf 87' lang='lat' dir='ltr'><strong>denique</strong></span> 
     </span>
     <span class='ocr_line' id='line_1_8' title="bbox 123 914 1129 1000; baseline -0.002 -22"><span class='ocrx_word' id='word_1_60' title='bbox 123 925 190 978; x_wconf 87' lang='lat' dir='ltr'><strong>ante</strong></span> <span class='ocrx_word' id='word_1_61' title='bbox 218 914 303 978; x_wconf 86' lang='lat'><strong>1123</strong></span> <span class='ocrx_word' id='word_1_62' title='bbox 331 920 425 997; x_wconf 88' lang='lat' dir='ltr'><strong>posui.</strong></span> <span class='ocrx_word' id='word_1_63' title='bbox 475 921 507 979; x_wconf 94' lang='lat' dir='ltr'><strong>in</strong></span> <span class='ocrx_word' id='word_1_64' title='bbox 538 919 556 980; x_wconf 93' lang='lat' dir='ltr'><strong>l.</strong></span> <span class='ocrx_word' id='word_1_65' title='bbox 584 921 607 979; x_wconf 96' lang='lat' dir='ltr'>V</span> <span class='ocrx_word' id='word_1_66' title='bbox 637 917 700 982; x_wconf 98' lang='grc'><strong>175</strong></span> <span class='ocrx_word' id='word_1_67' title='bbox 724 939 766 1000; x_wconf 89' lang='lat' dir='ltr'><strong>sq.</strong></span> <span class='ocrx_word' id='word_1_68' title='bbox 795 927 861 981; x_wconf 91' lang='lat' dir='ltr'><strong>ante</strong></span> <span class='ocrx_word' id='word_1_69' title='bbox 890 917 955 981; x_wconf 82' lang='lat'><strong>174</strong></span> <span class='ocrx_word' id='word_1_70' title='bbox 982 918 1129 998; x_wconf 83' lang='lat' dir='ltr'><strong>collocavi,</strong></span> 
     </span>
     <span class='ocr_line' id='line_1_9' title="bbox 123 1001 1129 1089; baseline -0.003 -21"><span class='ocrx_word' id='word_1_71' title='bbox 123 1001 298 1068; x_wconf 87' lang='grc'>273-305</span> <span class='ocrx_word' id='word_1_72' title='bbox 321 1013 388 1084; x_wconf 88' lang='lat' dir='ltr'><strong>post</strong></span> <span class='ocrx_word' id='word_1_73' title='bbox 408 1003 474 1067; x_wconf 92' lang='grc'><strong>260</strong></span> <span class='ocrx_word' id='word_1_74' title='bbox 496 1009 596 1089; x_wconf 90' lang='lat' dir='ltr'><strong>posui,</strong></span> <span class='ocrx_word' id='word_1_75' title='bbox 619 1005 793 1070; x_wconf 89' lang='grc'>534-563</span> <span class='ocrx_word' id='word_1_76' title='bbox 817 1010 861 1069; x_wconf 91' lang='lat' dir='ltr'><strong>eis</strong></span> <span class='ocrx_word' id='word_1_77' title='bbox 884 1007 1032 1088; x_wconf 82' lang='lat' dir='ltr'><strong>subiunxi,</strong></span> <span class='ocrx_word' id='word_1_78' title='bbox 1055 1024 1129 1085; x_wconf 92' lang='lat' dir='ltr'><strong>quac</strong></span> 
     </span>
     <span class='ocr_line' id='line_1_10' title="bbox 122 1089 1129 1174; baseline 0.002 -22"><span class='ocrx_word' id='word_1_79' title='bbox 122 1089 355 1156; x_wconf 75' lang='grc'>11495-508</span> <span class='ocrx_word' id='word_1_80' title='bbox 373 1094 409 1154; x_wconf 92' lang='lat' dir='ltr'><strong>de</strong></span> <span class='ocrx_word' id='word_1_81' title='bbox 428 1101 508 1154; x_wconf 90' lang='lat' dir='ltr'><strong>terra</strong></span> <span class='ocrx_word' id='word_1_82' title='bbox 526 1103 556 1156; x_wconf 91' lang='lat' dir='ltr'><strong>et</strong></span> <span class='ocrx_word' id='word_1_83' title='bbox 574 1099 682 1156; x_wconf 86' lang='lat' dir='ltr'><strong>ceteris</strong></span> <span class='ocrx_word' id='word_1_84' title='bbox 700 1096 803 1157; x_wconf 92' lang='lat' dir='ltr'><strong>mundi</strong></span> <span class='ocrx_word' id='word_1_85' title='bbox 821 1096 962 1156; x_wconf 89' lang='lat' dir='ltr'><strong>membris</strong></span> <span class='ocrx_word' id='word_1_86' title='bbox 982 1095 1129 1174; x_wconf 90' lang='lat' dir='ltr'><strong>dicuntur,</strong></span> 
     </span>
     <span class='ocr_line' id='line_1_11' title="bbox 123 1179 1130 1265; baseline 0.001 -25"><span class='ocrx_word' id='word_1_87' title='bbox 123 1198 244 1242; x_wconf 90' lang='lat' dir='ltr'><strong>versum</strong></span> <span class='ocrx_word' id='word_1_88' title='bbox 267 1179 330 1243; x_wconf 87' lang='grc'><strong>693</strong></span> <span class='ocrx_word' id='word_1_89' title='bbox 354 1184 383 1241; x_wconf 91' lang='lat' dir='ltr'><strong>ci</strong></span> <span class='ocrx_word' id='word_1_90' title='bbox 406 1183 580 1243; x_wconf 84' lang='lat' dir='ltr'><strong>antecedere</strong></span> <span class='ocrx_word' id='word_1_91' title='bbox 603 1184 695 1265; x_wconf 90' lang='lat' dir='ltr'><strong>volui,</strong></span> <span class='ocrx_word' id='word_1_92' title='bbox 718 1187 769 1264; x_wconf 92' lang='lat' dir='ltr'><strong>qui</strong></span> <span class='ocrx_word' id='word_1_93' title='bbox 792 1191 838 1245; x_wconf 88' lang='lat' dir='ltr'><strong>est</strong></span> <span class='ocrx_word' id='word_1_94' title='bbox 861 1182 938 1263; x_wconf 87' lang='grc'>692,</span> <span class='ocrx_word' id='word_1_95' title='bbox 961 1202 986 1244; x_wconf 89' lang='lat' dir='ltr'><strong>v.</strong></span> <span class='ocrx_word' id='word_1_96' title='bbox 1010 1179 1075 1244; x_wconf 92' lang='grc'><strong>975</strong></span> <span class='ocrx_word' id='word_1_97' title='bbox 1098 1184 1130 1241; x_wconf 89' lang='lat' dir='ltr'><strong>in</strong></span> 
     </span>
     <span class='ocr_line' id='line_1_12' title="bbox 123 1267 1130 1352; baseline -0.001 -22"><span class='ocrx_word' id='word_1_98' title='bbox 123 1288 211 1330; x_wconf 91' lang='lat' dir='ltr'><strong>suum</strong></span> <span class='ocrx_word' id='word_1_99' title='bbox 232 1267 329 1329; x_wconf 92' lang='lat' dir='ltr'><strong>locum</strong></span> <span class='ocrx_word' id='word_1_100' title='bbox 352 1271 371 1329; x_wconf 93' lang='lat' dir='ltr'><strong>i.</strong></span> <span class='ocrx_word' id='word_1_101' title='bbox 395 1287 420 1330; x_wconf 88' lang='grc'><strong>1.</strong></span> <span class='ocrx_word' id='word_1_102' title='bbox 443 1278 511 1348; x_wconf 91' lang='lat' dir='ltr'><strong>post</strong></span> <span class='ocrx_word' id='word_1_103' title='bbox 534 1267 598 1333; x_wconf 84' lang='lat'><strong>965</strong></span> <span class='ocrx_word' id='word_1_104' title='bbox 621 1273 750 1352; x_wconf 87' lang='lat' dir='ltr'><strong>reposui,</strong></span> <span class='ocrx_word' id='word_1_105' title='bbox 771 1291 814 1332; x_wconf 92' lang='lat' dir='ltr'><strong>vv.</strong></span> <span class='ocrx_word' id='word_1_106' title='bbox 841 1268 924 1332; x_wconf 88' lang='grc'>1131</span> <span class='ocrx_word' id='word_1_107' title='bbox 945 1289 1007 1350; x_wconf 88' lang='lat' dir='ltr'>sqq.</span> <span class='ocrx_word' id='word_1_108' title='bbox 1030 1272 1130 1330; x_wconf 90' lang='lat' dir='ltr'><strong>versui</strong></span> 
     </span>
     <span class='ocr_line' id='line_1_13' title="bbox 125 1355 1129 1438; baseline -0.002 -20"><span class='ocrx_word' id='word_1_109' title='bbox 125 1355 210 1419; x_wconf 89' lang='grc'>1126</span> <span class='ocrx_word' id='word_1_110' title='bbox 234 1355 359 1438; x_wconf 89' lang='lat' dir='ltr'><strong>subieci,</strong></span> <span class='ocrx_word' id='word_1_111' title='bbox 383 1359 456 1417; x_wconf 91' lang='lat' dir='ltr'><strong>item</strong></span> <span class='ocrx_word' id='word_1_112' title='bbox 478 1377 597 1419; x_wconf 91' lang='lat' dir='ltr'><strong>versum</strong></span> <span class='ocrx_word' id='word_1_113' title='bbox 621 1357 705 1419; x_wconf 88' lang='grc'>1342</span> <span class='ocrx_word' id='word_1_114' title='bbox 729 1361 829 1419; x_wconf 90' lang='lat' dir='ltr'><strong>versui</strong></span> <span class='ocrx_word' id='word_1_115' title='bbox 853 1355 947 1419; x_wconf 84' lang='lat'>1343.</span> <span class='ocrx_word' id='word_1_116' title='bbox 992 1361 1023 1418; x_wconf 92' lang='lat' dir='ltr'><strong>in</strong></span> <span class='ocrx_word' id='word_1_117' title='bbox 1047 1365 1129 1418; x_wconf 82' lang='lat' dir='ltr'><strong>serto</strong></span> 
     </span>
     <span class='ocr_line' id='line_1_14' title="bbox 122 1441 1129 1528; baseline -0.001 -22"><span class='ocrx_word' id='word_1_118' title='bbox 122 1445 250 1523; x_wconf 87' lang='lat' dir='ltr'><strong>denique</strong></span> <span class='ocrx_word' id='word_1_119' title='bbox 268 1444 344 1505; x_wconf 92' lang='lat' dir='ltr'><strong>libro</strong></span> <span class='ocrx_word' id='word_1_120' title='bbox 363 1463 407 1505; x_wconf 89' lang='lat' dir='ltr'><strong>vv.</strong></span> <span class='ocrx_word' id='word_1_121' title='bbox 425 1443 489 1507; x_wconf 88' lang='grc'><strong>366</strong></span> <span class='ocrx_word' id='word_1_122' title='bbox 509 1464 557 1526; x_wconf 72' lang='lat' dir='ltr'><strong>sq„</strong></span> <span class='ocrx_word' id='word_1_123' title='bbox 571 1453 637 1506; x_wconf 91' lang='lat' dir='ltr'><strong>ante</strong></span> <span class='ocrx_word' id='word_1_124' title='bbox 656 1466 681 1506; x_wconf 94' lang='lat' dir='ltr'><strong>v.</strong></span> <span class='ocrx_word' id='word_1_125' title='bbox 701 1442 765 1509; x_wconf 90' lang='grc'><strong>365</strong></span> <span class='ocrx_word' id='word_1_126' title='bbox 788 1446 936 1528; x_wconf 87' lang='lat' dir='ltr'><strong>collocavi,</strong></span> <span class='ocrx_word' id='word_1_127' title='bbox 954 1441 1129 1507; x_wconf 89' lang='grc'>400-403</span> 
     </span>
     <span class='ocr_line' id='line_1_15' title="bbox 123 1528 736 1614; baseline 0.002 -21"><span class='ocrx_word' id='word_1_128' title='bbox 123 1540 192 1614; x_wconf 87' lang='lat' dir='ltr'><strong>post</strong></span> <span class='ocrx_word' id='word_1_129' title='bbox 213 1528 287 1614; x_wconf 89' lang='grc'>405,</span> <span class='ocrx_word' id='word_1_130' title='bbox 311 1530 373 1594; x_wconf 89' lang='grc'><strong>781</strong></span> <span class='ocrx_word' id='word_1_131' title='bbox 399 1552 441 1612; x_wconf 90' lang='lat' dir='ltr'><strong>sq.</strong></span> <span class='ocrx_word' id='word_1_132' title='bbox 465 1541 531 1594; x_wconf 91' lang='lat' dir='ltr'><strong>antc</strong></span> <span class='ocrx_word' id='word_1_133' title='bbox 556 1532 617 1595; x_wconf 96' lang='grc'><strong>777</strong></span> <span class='ocrx_word' id='word_1_134' title='bbox 641 1537 736 1612; x_wconf 91' lang='lat' dir='ltr'><strong>posui.</strong></span> 
     </span>
    </p>

    <p class='ocr_par' dir='ltr' id='par_1_5' title="bbox 120 1620 1133 3636">
     <span class='ocr_line' id='line_1_16' title="bbox 211 1620 1131 1704; baseline 0 -24"><span class='ocrx_word' id='word_1_135' title='bbox 211 1621 331 1682; x_wconf 87' lang='lat' dir='ltr'><strong>Praeter</strong></span> <span class='ocrx_word' id='word_1_136' title='bbox 358 1624 456 1681; x_wconf 93' lang='lat' dir='ltr'><strong>omnia</strong></span> <span class='ocrx_word' id='word_1_137' title='bbox 483 1639 551 1682; x_wconf 91' lang='lat' dir='ltr'><strong>vero</strong></span> <span class='ocrx_word' id='word_1_138' title='bbox 579 1621 722 1704; x_wconf 91' lang='lat' dir='ltr'><strong>remedia,</strong></span> <span class='ocrx_word' id='word_1_139' title='bbox 750 1640 823 1700; x_wconf 88' lang='lat' dir='ltr'><strong>quac</strong></span> <span class='ocrx_word' id='word_1_140' title='bbox 847 1621 883 1683; x_wconf 91' lang='lat' dir='ltr'><strong>ad</strong></span> <span class='ocrx_word' id='word_1_141' title='bbox 906 1620 970 1682; x_wconf 90' lang='lat' dir='ltr'><strong>loca</strong></span> <span class='ocrx_word' id='word_1_142' title='bbox 992 1628 1131 1699; x_wconf 89' lang='lat' dir='ltr'><strong>corrupta</strong></span> 
     </span>
     <span class='ocr_line' id='line_1_17' title="bbox 124 1709 1130 1790; baseline -0.002 -20"><span class='ocrx_word' id='word_1_143' title='bbox 124 1710 252 1771; x_wconf 92' lang='lat' dir='ltr'><strong>sananda</strong></span> <span class='ocrx_word' id='word_1_144' title='bbox 278 1709 468 1790; x_wconf 87' lang='lat' dir='ltr'><strong>adhibentur,</strong></span> <span class='ocrx_word' id='word_1_145' title='bbox 494 1709 524 1769; x_wconf 94' lang='lat' dir='ltr'><strong>id</strong></span> <span class='ocrx_word' id='word_1_146' title='bbox 551 1727 644 1787; x_wconf 85' lang='lat' dir='ltr'><strong>genus</strong></span> <span class='ocrx_word' id='word_1_147' title='bbox 671 1711 702 1770; x_wconf 95' lang='lat' dir='ltr'><strong>in</strong></span> <span class='ocrx_word' id='word_1_148' title='bbox 731 1709 876 1770; x_wconf 92' lang='lat' dir='ltr'><strong>cotidiano</strong></span> <span class='ocrx_word' id='word_1_149' title='bbox 904 1729 960 1770; x_wconf 88' lang='lat' dir='ltr'><strong>usu</strong></span> <span class='ocrx_word' id='word_1_150' title='bbox 987 1717 1130 1789; x_wconf 90' lang='lat' dir='ltr'><strong>versatur,</strong></span> 
     </span>
     <span class='ocr_line' id='line_1_18' title="bbox 125 1796 1130 1878; baseline -0.003 -19"><span class='ocrx_word' id='word_1_151' title='bbox 125 1799 201 1878; x_wconf 92' lang='lat' dir='ltr'><strong>quod</strong></span> <span class='ocrx_word' id='word_1_152' title='bbox 231 1805 276 1858; x_wconf 91' lang='lat' dir='ltr'><strong>est</strong></span> <span class='ocrx_word' id='word_1_153' title='bbox 304 1799 335 1856; x_wconf 94' lang='lat' dir='ltr'><strong>in</strong></span> <span class='ocrx_word' id='word_1_154' title='bbox 362 1796 470 1858; x_wconf 89' lang='lat' dir='ltr'><strong>litteris</strong></span> <span class='ocrx_word' id='word_1_155' title='bbox 492 1797 649 1876; x_wconf 91' lang='lat' dir='ltr'><strong>verbisque</strong></span> <span class='ocrx_word' id='word_1_156' title='bbox 672 1798 833 1858; x_wconf 81' lang='lat' dir='ltr'><strong>mutandis:</strong></span> <span class='ocrx_word' id='word_1_157' title='bbox 859 1798 894 1857; x_wconf 91' lang='lat' dir='ltr'><strong>de</strong></span> <span class='ocrx_word' id='word_1_158' title='bbox 919 1816 977 1876; x_wconf 93' lang='lat' dir='ltr'><strong>quo</strong></span> <span class='ocrx_word' id='word_1_159' title='bbox 999 1798 1091 1858; x_wconf 90' lang='lat' dir='ltr'><strong>multa</strong></span> <span class='ocrx_word' id='word_1_160' title='bbox 1114 1815 1130 1856; x_wconf 93' lang='lat' dir='ltr'><strong>a</strong></span> 
     </span>
     <span class='ocr_line' id='line_1_19' title="bbox 124 1885 1130 1964; baseline 0 -19"><span class='ocrx_word' id='word_1_161' title='bbox 124 1903 171 1945; x_wconf 88' lang='lat' dir='ltr'><strong>mc</strong></span> <span class='ocrx_word' id='word_1_162' title='bbox 191 1885 250 1946; x_wconf 92' lang='lat' dir='ltr'><strong>dici</strong></span> <span class='ocrx_word' id='word_1_163' title='bbox 269 1903 343 1963; x_wconf 92' lang='lat' dir='ltr'><strong>opus</strong></span> <span class='ocrx_word' id='word_1_164' title='bbox 366 1903 426 1946; x_wconf 93' lang='lat' dir='ltr'><strong>non</strong></span> <span class='ocrx_word' id='word_1_165' title='bbox 449 1891 502 1944; x_wconf 92' lang='lat' dir='ltr'><strong>est.</strong></span> <span class='ocrx_word' id='word_1_166' title='bbox 544 1892 659 1946; x_wconf 92' lang='lat' dir='ltr'><strong>constat</strong></span> <span class='ocrx_word' id='word_1_167' title='bbox 676 1887 756 1945; x_wconf 91' lang='lat' dir='ltr'><strong>enim</strong></span> <span class='ocrx_word' id='word_1_168' title='bbox 774 1887 852 1946; x_wconf 90' lang='lat' dir='ltr'><strong>inter</strong></span> <span class='ocrx_word' id='word_1_169' title='bbox 871 1903 973 1946; x_wconf 89' lang='lat' dir='ltr'><strong>omnes</strong></span> <span class='ocrx_word' id='word_1_170' title='bbox 997 1888 1048 1964; x_wconf 92' lang='lat' dir='ltr'><strong>qui</strong></span> <span class='ocrx_word' id='word_1_171' title='bbox 1070 1903 1130 1945; x_wconf 94' lang='lat' dir='ltr'><strong>non</strong></span> 
     </span>
     <span class='ocr_line' id='line_1_20' title="bbox 124 1972 1130 2054; baseline -0.002 -20"><span class='ocrx_word' id='word_1_172' title='bbox 124 1979 174 2034; x_wconf 93' lang='lat' dir='ltr'><strong>aut</strong></span> <span class='ocrx_word' id='word_1_173' title='bbox 200 1975 268 2032; x_wconf 96' lang='lat' dir='ltr'><strong>vani</strong></span> <span class='ocrx_word' id='word_1_174' title='bbox 300 1979 350 2033; x_wconf 91' lang='lat' dir='ltr'><strong>aut</strong></span> <span class='ocrx_word' id='word_1_175' title='bbox 377 1973 529 2033; x_wconf 87' lang='lat' dir='ltr'><strong>temerarii</strong></span> <span class='ocrx_word' id='word_1_176' title='bbox 557 1981 638 2054; x_wconf 90' lang='lat' dir='ltr'><strong>sunt,</strong></span> <span class='ocrx_word' id='word_1_177' title='bbox 666 1992 723 2053; x_wconf 89' lang='lat' dir='ltr'><strong>quo</strong></span> <span class='ocrx_word' id='word_1_178' title='bbox 751 1972 890 2034; x_wconf 90' lang='lat' dir='ltr'><strong>meliores</strong></span> <span class='ocrx_word' id='word_1_179' title='bbox 918 1974 1034 2034; x_wconf 91' lang='lat' dir='ltr'><strong>codices</strong></span> <span class='ocrx_word' id='word_1_180' title='bbox 1062 1976 1130 2053; x_wconf 85' lang='lat' dir='ltr'><strong>sint,</strong></span> 
     </span>
     <span class='ocr_line' id='line_1_21' title="bbox 125 2060 1129 2142; baseline -0.001 -21"><span class='ocrx_word' id='word_1_181' title='bbox 125 2079 160 2121; x_wconf 81' lang='lat' dir='ltr'><strong>er</strong></span> <span class='ocrx_word' id='word_1_182' title='bbox 184 2061 290 2140; x_wconf 90' lang='lat' dir='ltr'><strong>quibus</strong></span> <span class='ocrx_word' id='word_1_183' title='bbox 313 2067 411 2121; x_wconf 83' lang='lat' dir='ltr'><strong>textus</strong></span> <span class='ocrx_word' id='word_1_184' title='bbox 430 2060 591 2142; x_wconf 90' lang='lat' dir='ltr'><strong>hauriatur,</strong></span> <span class='ocrx_word' id='word_1_185' title='bbox 610 2079 645 2121; x_wconf 90' lang='lat' dir='ltr'><strong>eo</strong></span> <span class='ocrx_word' id='word_1_186' title='bbox 664 2061 823 2122; x_wconf 85' lang='lat' dir='ltr'><strong>artioribus</strong></span> <span class='ocrx_word' id='word_1_187' title='bbox 842 2061 950 2142; x_wconf 89' lang='lat' dir='ltr'><strong>finibus</strong></span> <span class='ocrx_word' id='word_1_188' title='bbox 972 2061 1129 2122; x_wconf 91' lang='lat' dir='ltr'><strong>verborum</strong></span> 
     </span>
     <span class='ocr_line' id='line_1_22' title="bbox 124 2147 1130 2227; baseline -0.001 -19"><span class='ocrx_word' id='word_1_189' title='bbox 124 2149 331 2210; x_wconf 91' lang='lat' dir='ltr'><strong>mutandorum</strong></span> <span class='ocrx_word' id='word_1_190' title='bbox 353 2148 503 2210; x_wconf 81' lang='lat' dir='ltr'><strong>licentiam</strong></span> <span class='ocrx_word' id='word_1_191' title='bbox 526 2149 732 2210; x_wconf 91' lang='lat' dir='ltr'><strong>continendam</strong></span> <span class='ocrx_word' id='word_1_192' title='bbox 754 2168 828 2210; x_wconf 88' lang='lat' dir='ltr'><strong>esse.</strong></span> <span class='ocrx_word' id='word_1_193' title='bbox 865 2157 952 2227; x_wconf 89' lang='lat' dir='ltr'><strong>atque</strong></span> <span class='ocrx_word' id='word_1_194' title='bbox 969 2147 1130 2208; x_wconf 88' lang='lat' dir='ltr'><strong>Leidenses</strong></span> 
     </span>
     <span class='ocr_line' id='line_1_23' title="bbox 124 2236 1130 2318; baseline -0.003 -21"><span class='ocrx_word' id='word_1_195' title='bbox 124 2239 151 2297; x_wconf 90' lang='lat' dir='ltr'><strong>si</strong></span> <span class='ocrx_word' id='word_1_196' title='bbox 176 2236 270 2297; x_wconf 93' lang='lat' dir='ltr'><strong>bonos</strong></span> <span class='ocrx_word' id='word_1_197' title='bbox 295 2237 413 2298; x_wconf 90' lang='lat' dir='ltr'><strong>codices</strong></span> <span class='ocrx_word' id='word_1_198' title='bbox 436 2237 534 2297; x_wconf 89' lang='lat' dir='ltr'><strong>dicere</strong></span> <span class='ocrx_word' id='word_1_199' title='bbox 558 2255 618 2297; x_wconf 92' lang='lat' dir='ltr'><strong>non</strong></span> <span class='ocrx_word' id='word_1_200' title='bbox 641 2238 761 2318; x_wconf 87' lang='lat' dir='ltr'><strong>audeas,</strong></span> <span class='ocrx_word' id='word_1_201' title='bbox 784 2237 854 2298; x_wconf 93' lang='lat' dir='ltr'><strong>mali</strong></span> <span class='ocrx_word' id='word_1_202' title='bbox 877 2244 957 2297; x_wconf 89' lang='lat' dir='ltr'><strong>certe</strong></span> <span class='ocrx_word' id='word_1_203' title='bbox 979 2253 1038 2295; x_wconf 94' lang='lat' dir='ltr'><strong>non</strong></span> <span class='ocrx_word' id='word_1_204' title='bbox 1062 2243 1130 2295; x_wconf 91' lang='lat' dir='ltr'><strong>sunt</strong></span> 
     </span>
     <span class='ocr_line' id='line_1_24' title="bbox 124 2323 1130 2406; baseline -0.002 -22"><span class='ocrx_word' id='word_1_205' title='bbox 124 2324 257 2385; x_wconf 92' lang='lat' dir='ltr'><strong>vocandi.</strong></span> <span class='ocrx_word' id='word_1_206' title='bbox 311 2327 409 2405; x_wconf 89' lang='lat' dir='ltr'><strong>itaque</strong></span> <span class='ocrx_word' id='word_1_207' title='bbox 447 2324 592 2385; x_wconf 91' lang='lat' dir='ltr'><strong>eiusmodi</strong></span> <span class='ocrx_word' id='word_1_208' title='bbox 628 2343 691 2406; x_wconf 88' lang='lat' dir='ltr'><strong>res,</strong></span> <span class='ocrx_word' id='word_1_209' title='bbox 724 2343 797 2404; x_wconf 89' lang='lat' dir='ltr'><strong>quae</strong></span> <span class='ocrx_word' id='word_1_210' title='bbox 828 2325 901 2385; x_wconf 85' lang='lat' dir='ltr'><strong>ferri</strong></span> <span class='ocrx_word' id='word_1_211' title='bbox 931 2323 1012 2383; x_wconf 93' lang='lat' dir='ltr'><strong>nullo</strong></span> <span class='ocrx_word' id='word_1_212' title='bbox 1043 2323 1130 2383; x_wconf 92' lang='lat' dir='ltr'><strong>modo</strong></span> 
     </span>
     <span class='ocr_line' id='line_1_25' title="bbox 122 2410 1130 2494; baseline 0 -23"><span class='ocrx_word' id='word_1_213' title='bbox 122 2415 252 2494; x_wconf 88' lang='lat' dir='ltr'><strong>possint,</strong></span> <span class='ocrx_word' id='word_1_214' title='bbox 280 2431 347 2473; x_wconf 91' lang='lat' dir='ltr'><strong>cum</strong></span> <span class='ocrx_word' id='word_1_215' title='bbox 379 2416 409 2473; x_wconf 92' lang='lat' dir='ltr'><strong>in</strong></span> <span class='ocrx_word' id='word_1_216' title='bbox 439 2412 505 2472; x_wconf 90' lang='lat' dir='ltr'><strong>aliis</strong></span> <span class='ocrx_word' id='word_1_217' title='bbox 533 2414 672 2472; x_wconf 89' lang='lat' dir='ltr'><strong>carminis</strong></span> <span class='ocrx_word' id='word_1_218' title='bbox 704 2411 838 2491; x_wconf 87' lang='lat' dir='ltr'><strong>partibus</strong></span> <span class='ocrx_word' id='word_1_219' title='bbox 869 2410 970 2491; x_wconf 88' lang='lat' dir='ltr'><strong>plures</strong></span> <span class='ocrx_word' id='word_1_220' title='bbox 1002 2412 1034 2471; x_wconf 96' lang='lat' dir='ltr'><strong>in</strong></span> <span class='ocrx_word' id='word_1_221' title='bbox 1065 2411 1130 2472; x_wconf 89' lang='lat' dir='ltr'><strong>aliis</strong></span> 
     </span>
     <span class='ocr_line' id='line_1_26' title="bbox 122 2499 1130 2580; baseline 0 -20"><span class='ocrx_word' id='word_1_222' title='bbox 122 2502 279 2580; x_wconf 90' lang='lat' dir='ltr'><strong>pauciores</strong></span> <span class='ocrx_word' id='word_1_223' title='bbox 305 2503 505 2580; x_wconf 89' lang='lat' dir='ltr'><strong>inveniantur,</strong></span> <span class='ocrx_word' id='word_1_224' title='bbox 532 2502 702 2560; x_wconf 86' lang='lat' dir='ltr'><strong>universam</strong></span> <span class='ocrx_word' id='word_1_225' title='bbox 725 2499 842 2560; x_wconf 93' lang='lat' dir='ltr'><strong>illorum</strong></span> <span class='ocrx_word' id='word_1_226' title='bbox 870 2499 1004 2560; x_wconf 92' lang='lat' dir='ltr'><strong>codicum</strong></span> <span class='ocrx_word' id='word_1_227' title='bbox 1030 2500 1130 2561; x_wconf 92' lang='lat' dir='ltr'><strong>condi-</strong></span> 
     </span>
     <span class='ocr_line' id='line_1_27' title="bbox 123 2588 1131 2669; baseline -0.001 -20"><span class='ocrx_word' id='word_1_228' title='bbox 123 2591 241 2649; x_wconf 94' lang='lat' dir='ltr'><strong>cionem</strong></span> <span class='ocrx_word' id='word_1_229' title='bbox 259 2591 285 2648; x_wconf 93' lang='lat' dir='ltr'><strong>si</strong></span> <span class='ocrx_word' id='word_1_230' title='bbox 304 2595 477 2669; x_wconf 77' lang='lat' dir='ltr'><strong>spectamuS,</strong></span> <span class='ocrx_word' id='word_1_231' title='bbox 496 2607 556 2648; x_wconf 94' lang='lat' dir='ltr'><strong>non</strong></span> <span class='ocrx_word' id='word_1_232' title='bbox 575 2591 664 2649; x_wconf 93' lang='lat' dir='ltr'><strong>nimis</strong></span> <span class='ocrx_word' id='word_1_233' title='bbox 682 2588 790 2650; x_wconf 92' lang='lat' dir='ltr'><strong>multae</strong></span> <span class='ocrx_word' id='word_1_234' title='bbox 810 2595 887 2649; x_wconf 90' lang='lat' dir='ltr'><strong>sunt.</strong></span> <span class='ocrx_word' id='word_1_235' title='bbox 926 2588 1015 2649; x_wconf 88' lang='lat' dir='ltr'><strong>habet</strong></span> <span class='ocrx_word' id='word_1_236' title='bbox 1033 2596 1131 2650; x_wconf 91' lang='lat' dir='ltr'><strong>autem</strong></span> 
     </span>
     <span class='ocr_line' id='line_1_28' title="bbox 124 2675 1131 2757; baseline -0.001 -20"><span class='ocrx_word' id='word_1_237' title='bbox 124 2678 270 2738; x_wconf 90' lang='lat' dir='ltr'><strong>correctio</strong></span> <span class='ocrx_word' id='word_1_238' title='bbox 297 2678 329 2736; x_wconf 92' lang='lat' dir='ltr'><strong>in</strong></span> <span class='ocrx_word' id='word_1_239' title='bbox 358 2678 400 2736; x_wconf 91' lang='lat' dir='ltr'><strong>eis</strong></span> <span class='ocrx_word' id='word_1_240' title='bbox 428 2675 538 2757; x_wconf 90' lang='lat' dir='ltr'><strong>locum,</strong></span> <span class='ocrx_word' id='word_1_241' title='bbox 561 2695 636 2756; x_wconf 89' lang='lat' dir='ltr'><strong>quac</strong></span> <span class='ocrx_word' id='word_1_242' title='bbox 665 2685 715 2738; x_wconf 89' lang='lat' dir='ltr'><strong>aut</strong></span> <span class='ocrx_word' id='word_1_243' title='bbox 741 2680 849 2738; x_wconf 91' lang='lat' dir='ltr'><strong>mutari</strong></span> <span class='ocrx_word' id='word_1_244' title='bbox 873 2695 995 2738; x_wconf 87' lang='lat' dir='ltr'><strong>necesse</strong></span> <span class='ocrx_word' id='word_1_245' title='bbox 1020 2679 1058 2737; x_wconf 91' lang='lat' dir='ltr'><strong>sit</strong></span> <span class='ocrx_word' id='word_1_246' title='bbox 1081 2683 1131 2736; x_wconf 91' lang='lat' dir='ltr'><strong>aut</strong></span> 
     </span>
     <span class='ocr_line' id='line_1_29' title="bbox 123 2764 1130 2844; baseline -0.003 -18"><span class='ocrx_word' id='word_1_247' title='bbox 123 2783 198 2844; x_wconf 88' lang='lat' dir='ltr'><strong>quae</strong></span> <span class='ocrx_word' id='word_1_248' title='bbox 218 2764 363 2826; x_wconf 91' lang='lat' dir='ltr'><strong>eiusmodi</strong></span> <span class='ocrx_word' id='word_1_249' title='bbox 383 2766 451 2844; x_wconf 88' lang='lat' dir='ltr'><strong>sint,</strong></span> <span class='ocrx_word' id='word_1_250' title='bbox 473 2772 507 2825; x_wconf 92' lang='lat' dir='ltr'><strong>ut</strong></span> <span class='ocrx_word' id='word_1_251' title='bbox 526 2765 677 2826; x_wconf 91' lang='lat' dir='ltr'><strong>lenissima</strong></span> <span class='ocrx_word' id='word_1_252' title='bbox 700 2768 861 2826; x_wconf 87' lang='lat' dir='ltr'><strong>mutatione</strong></span> <span class='ocrx_word' id='word_1_253' title='bbox 885 2785 921 2826; x_wconf 87' lang='lat' dir='ltr'><strong>ex</strong></span> <span class='ocrx_word' id='word_1_254' title='bbox 945 2767 988 2825; x_wconf 88' lang='lat' dir='ltr'><strong>eis</strong></span> <span class='ocrx_word' id='word_1_255' title='bbox 1010 2765 1041 2825; x_wconf 96' lang='lat' dir='ltr'><strong>id</strong></span> <span class='ocrx_word' id='word_1_256' title='bbox 1064 2764 1130 2825; x_wconf 94' lang='lat' dir='ltr'><strong>red·</strong></span> 
     </span>
     <span class='ocr_line' id='line_1_30' title="bbox 123 2852 1132 2934; baseline -0.004 -20"><span class='ocrx_word' id='word_1_257' title='bbox 123 2854 219 2934; x_wconf 87' lang='lat' dir='ltr'><strong>datur,</strong></span> <span class='ocrx_word' id='word_1_258' title='bbox 243 2853 320 2932; x_wconf 89' lang='lat' dir='ltr'><strong>quod</strong></span> <span class='ocrx_word' id='word_1_259' title='bbox 344 2858 373 2911; x_wconf 88' lang='lat' dir='ltr'><strong>ct</strong></span> <span class='ocrx_word' id='word_1_260' title='bbox 394 2869 448 2931; x_wconf 88' lang='lat' dir='ltr'><strong>per</strong></span> <span class='ocrx_word' id='word_1_261' title='bbox 471 2869 504 2913; x_wconf 92' lang='lat' dir='ltr'><strong>se</strong></span> <span class='ocrx_word' id='word_1_262' title='bbox 527 2852 633 2913; x_wconf 88' lang='lat' dir='ltr'><strong>melius</strong></span> <span class='ocrx_word' id='word_1_263' title='bbox 658 2855 696 2914; x_wconf 90' lang='lat' dir='ltr'><strong>sit</strong></span> <span class='ocrx_word' id='word_1_264' title='bbox 719 2862 749 2914; x_wconf 91' lang='lat' dir='ltr'><strong>et</strong></span> <span class='ocrx_word' id='word_1_265' title='bbox 766 2861 869 2932; x_wconf 89' lang='lat' dir='ltr'><strong>poetae</strong></span> <span class='ocrx_word' id='word_1_266' title='bbox 889 2855 1007 2931; x_wconf 84' lang='lat' dir='ltr'><strong>ingenio</strong></span> <span class='ocrx_word' id='word_1_267' title='bbox 1027 2859 1057 2911; x_wconf 93' lang='lat' dir='ltr'><strong>et</strong></span> <span class='ocrx_word' id='word_1_268' title='bbox 1075 2853 1132 2910; x_wconf 92' lang='lat' dir='ltr'><strong>arti</strong></span> 
     </span>
     <span class='ocr_line' id='line_1_31' title="bbox 122 2939 1132 3021; baseline -0.003 -20"><span class='ocrx_word' id='word_1_269' title='bbox 122 2944 217 3020; x_wconf 85' lang='lat' dir='ltr'><strong>magis</strong></span> <span class='ocrx_word' id='word_1_270' title='bbox 245 2941 430 3001; x_wconf 86' lang='lat' dir='ltr'><strong>conveniens.</strong></span> <span class='ocrx_word' id='word_1_271' title='bbox 476 2941 532 3002; x_wconf 94' lang='lat' dir='ltr'><strong>hoc</strong></span> <span class='ocrx_word' id='word_1_272' title='bbox 560 2943 651 3021; x_wconf 85' lang='lat' dir='ltr'><strong>igitur</strong></span> <span class='ocrx_word' id='word_1_273' title='bbox 678 2942 724 3002; x_wconf 96' lang='lat' dir='ltr'><strong>vel</strong></span> <span class='ocrx_word' id='word_1_274' title='bbox 750 2944 876 3001; x_wconf 83' lang='lat' dir='ltr'><strong>maxime</strong></span> <span class='ocrx_word' id='word_1_275' title='bbox 904 2939 1054 3000; x_wconf 89' lang='lat' dir='ltr'><strong>vitandum</strong></span> <span class='ocrx_word' id='word_1_276' title='bbox 1078 2947 1132 3020; x_wconf 89' lang='lat' dir='ltr'><strong>cst,</strong></span> 
     </span>
     <span class='ocr_line' id='line_1_32' title="bbox 121 3027 1131 3091; baseline -0.003 -1"><span class='ocrx_word' id='word_1_277' title='bbox 121 3048 161 3090; x_wconf 90' lang='lat' dir='ltr'><strong>nc</strong></span> <span class='ocrx_word' id='word_1_278' title='bbox 184 3047 242 3089; x_wconf 90' lang='lat' dir='ltr'><strong>una</strong></span> <span class='ocrx_word' id='word_1_279' title='bbox 265 3030 436 3089; x_wconf 88' lang='lat' dir='ltr'><strong>mutationis</strong></span> <span class='ocrx_word' id='word_1_280' title='bbox 459 3029 599 3090; x_wconf 83' lang='lat' dir='ltr'><strong>facilitate</strong></span> <span class='ocrx_word' id='word_1_281' title='bbox 619 3029 731 3091; x_wconf 90' lang='lat' dir='ltr'><strong>inducti</strong></span> <span class='ocrx_word' id='word_1_282' title='bbox 750 3029 786 3090; x_wconf 94' lang='lat' dir='ltr'><strong>ad</strong></span> <span class='ocrx_word' id='word_1_283' title='bbox 806 3032 990 3090; x_wconf 90' lang='lat' dir='ltr'><strong>coniecturas</strong></span> <span class='ocrx_word' id='word_1_284' title='bbox 1010 3027 1131 3088; x_wconf 87' lang='lat' dir='ltr'><strong>descen-</strong></span> 
     </span>
     <span class='ocr_line' id='line_1_33' title="bbox 122 3116 1132 3198; baseline -0.001 -21"><span class='ocrx_word' id='word_1_285' title='bbox 122 3118 235 3178; x_wconf 90' lang='lat' dir='ltr'><strong>damus.</strong></span> <span class='ocrx_word' id='word_1_286' title='bbox 268 3134 364 3195; x_wconf 93' lang='lat' dir='ltr'><strong>neque</strong></span> <span class='ocrx_word' id='word_1_287' title='bbox 382 3119 482 3177; x_wconf 92' lang='lat' dir='ltr'><strong>minus</strong></span> <span class='ocrx_word' id='word_1_288' title='bbox 501 3118 661 3178; x_wconf 87' lang='lat' dir='ltr'><strong>videndum</strong></span> <span class='ocrx_word' id='word_1_289' title='bbox 680 3124 733 3198; x_wconf 89' lang='lat' dir='ltr'><strong>est,</strong></span> <span class='ocrx_word' id='word_1_290' title='bbox 751 3135 798 3198; x_wconf 89' lang='lat' dir='ltr'><strong>ne,</strong></span> <span class='ocrx_word' id='word_1_291' title='bbox 818 3116 948 3176; x_wconf 90' lang='lat' dir='ltr'><strong>simodo</strong></span> <span class='ocrx_word' id='word_1_292' title='bbox 969 3118 1132 3176; x_wconf 89' lang='lat' dir='ltr'><strong>sententiae</strong></span> 
     </span>
     <span class='ocr_line' id='line_1_34' title="bbox 122 3203 1132 3284; baseline -0.003 -18"><span class='ocrx_word' id='word_1_293' title='bbox 122 3207 195 3266; x_wconf 91' lang='lat' dir='ltr'><strong>satis</strong></span> <span class='ocrx_word' id='word_1_294' title='bbox 214 3206 273 3284; x_wconf 85' lang='lat' dir='ltr'><strong>fiat,</strong></span> <span class='ocrx_word' id='word_1_295' title='bbox 291 3204 428 3265; x_wconf 92' lang='lat' dir='ltr'><strong>licentius</strong></span> <span class='ocrx_word' id='word_1_296' title='bbox 447 3224 615 3284; x_wconf 84' lang='lat' dir='ltr'><strong>grassemur</strong></span> <span class='ocrx_word' id='word_1_297' title='bbox 633 3205 700 3284; x_wconf 90' lang='lat' dir='ltr'><strong>plus</strong></span> <span class='ocrx_word' id='word_1_298' title='bbox 720 3204 844 3283; x_wconf 84' lang='lat' dir='ltr'><strong>siugulis</strong></span> <span class='ocrx_word' id='word_1_299' title='bbox 860 3203 906 3264; x_wconf 89' lang='lat' dir='ltr'><strong>vel</strong></span> <span class='ocrx_word' id='word_1_300' title='bbox 919 3204 998 3264; x_wconf 91' lang='lat' dir='ltr'><strong>binis</strong></span> <span class='ocrx_word' id='word_1_301' title='bbox 1013 3204 1132 3283; x_wconf 81' lang='lat' dir='ltr'><strong>syllabis</strong></span> 
     </span>
     <span class='ocr_line' id='line_1_35' title="bbox 121 3292 1132 3373; baseline -0.004 -19"><span class='ocrx_word' id='word_1_302' title='bbox 121 3300 172 3354; x_wconf 91' lang='lat' dir='ltr'><strong>aut</strong></span> <span class='ocrx_word' id='word_1_303' title='bbox 196 3293 299 3354; x_wconf 81' lang='lat' dir='ltr'><strong>verbis</strong></span> <span class='ocrx_word' id='word_1_304' title='bbox 318 3293 479 3353; x_wconf 89' lang='lat' dir='ltr'><strong>mutandis:</strong></span> <span class='ocrx_word' id='word_1_305' title='bbox 503 3301 583 3354; x_wconf 91' lang='lat' dir='ltr'><strong>certe</strong></span> <span class='ocrx_word' id='word_1_306' title='bbox 604 3293 689 3373; x_wconf 88' lang='lat' dir='ltr'><strong>plura</strong></span> <span class='ocrx_word' id='word_1_307' title='bbox 707 3301 821 3354; x_wconf 91' lang='lat' dir='ltr'><strong>mutare</strong></span> <span class='ocrx_word' id='word_1_308' title='bbox 840 3292 918 3353; x_wconf 89' lang='lat' dir='ltr'><strong>haud</strong></span> <span class='ocrx_word' id='word_1_309' title='bbox 938 3295 998 3352; x_wconf 91' lang='lat' dir='ltr'><strong>scio</strong></span> <span class='ocrx_word' id='word_1_310' title='bbox 1017 3310 1055 3352; x_wconf 92' lang='lat' dir='ltr'><strong>an</strong></span> <span class='ocrx_word' id='word_1_311' title='bbox 1073 3310 1132 3352; x_wconf 92' lang='lat' dir='ltr'><strong>non</strong></span> 
     </span>
     <span class='ocr_line' id='line_1_36' title="bbox 120 3381 1132 3462; baseline -0.005 -22"><span class='ocrx_word' id='word_1_312' title='bbox 120 3381 210 3442; x_wconf 89' lang='lat' dir='ltr'><strong>liceat</strong></span> <span class='ocrx_word' id='word_1_313' title='bbox 237 3383 296 3441; x_wconf 89' lang='lat' dir='ltr'><strong>nisi</strong></span> <span class='ocrx_word' id='word_1_314' title='bbox 324 3383 355 3440; x_wconf 92' lang='lat' dir='ltr'><strong>in</strong></span> <span class='ocrx_word' id='word_1_315' title='bbox 378 3382 450 3441; x_wconf 91' lang='lat' dir='ltr'><strong>locis</strong></span> <span class='ocrx_word' id='word_1_316' title='bbox 474 3383 719 3462; x_wconf 88' lang='lat' dir='ltr'><strong>corruptissimis,</strong></span> <span class='ocrx_word' id='word_1_317' title='bbox 747 3399 805 3460; x_wconf 86' lang='lat' dir='ltr'><strong>quo</strong></span> <span class='ocrx_word' id='word_1_318' title='bbox 828 3383 859 3440; x_wconf 91' lang='lat' dir='ltr'><strong>in</strong></span> <span class='ocrx_word' id='word_1_319' title='bbox 882 3398 990 3458; x_wconf 85' lang='lat' dir='ltr'><strong>genere</strong></span> <span class='ocrx_word' id='word_1_320' title='bbox 1014 3381 1132 3438; x_wconf 91' lang='lat' dir='ltr'><strong>omnino</strong></span> 
     </span>
     <span class='ocr_line' id='line_1_37' title="bbox 121 3465 1133 3548; baseline -0.008 -18"><span class='ocrx_word' id='word_1_321' title='bbox 121 3471 307 3530; x_wconf 87' lang='lat' dir='ltr'><strong>correctione</strong></span> <span class='ocrx_word' id='word_1_322' title='bbox 339 3468 517 3530; x_wconf 89' lang='lat' dir='ltr'><strong>abstinuisse</strong></span> <span class='ocrx_word' id='word_1_323' title='bbox 547 3469 654 3530; x_wconf 91' lang='lat' dir='ltr'><strong>melius</strong></span> <span class='ocrx_word' id='word_1_324' title='bbox 682 3470 780 3529; x_wconf 82' lang='lat' dir='ltr'><strong>luerit.</strong></span> <span class='ocrx_word' id='word_1_325' title='bbox 832 3487 888 3548; x_wconf 92' lang='lat' dir='ltr'><strong>qua</strong></span> <span class='ocrx_word' id='word_1_326' title='bbox 915 3467 967 3528; x_wconf 93' lang='lat' dir='ltr'><strong>ubi</strong></span> <span class='ocrx_word' id='word_1_327' title='bbox 995 3465 1133 3543; x_wconf 89' lang='lat' dir='ltr'><strong>abstinui,</strong></span> 
     </span>
     <span class='ocr_line' id='line_1_38' title="bbox 120 3560 478 3636; baseline -0.003 -17"><span class='ocrx_word' id='word_1_328' title='bbox 120 3560 221 3620; x_wconf 89' lang='lat' dir='ltr'><strong>crucis</strong></span> <span class='ocrx_word' id='word_1_329' title='bbox 245 3560 362 3635; x_wconf 84' lang='lat' dir='ltr'><strong>signum</strong></span> <span class='ocrx_word' id='word_1_330' title='bbox 383 3560 478 3636; x_wconf 88' lang='lat' dir='ltr'><strong>posui.</strong></span> 
     </span>
    </p>
   </div>
   <div class='ocr_carea' id='block_1_5' title="bbox 0 0 1254 3876">
    <p class='ocr_par' dir='ltr' id='par_1_6' title="bbox 0 0 1254 3876">
     <span class='ocr_line' id='line_1_39' title="bbox 0 0 1254 3876; baseline 0 0"><span class='ocrx_word' id='word_1_331' title='bbox 0 0 1254 3876; x_wconf 95' lang='lat' dir='ltr'><strong> </strong></span> 
     </span>
    </p>
   </div>
  </div>
 </body>
</html>
