<?xml version="1.0" encoding="UTF-8"?>
<!DOCTYPE html PUBLIC "-//W3C//DTD XHTML 1.0 Transitional//EN"
    "http://www.w3.org/TR/xhtml1/DTD/xhtml1-transitional.dtd">
<html xmlns="http://www.w3.org/1999/xhtml" xml:lang="en" lang="en">
 <head>
  <title>
</title>
<meta http-equiv="Content-Type" content="text/html;charset=utf-8" />
  <meta name='ocr-system' content='tesseract 3.04.00' />
  <meta name='ocr-capabilities' content='ocr_page ocr_carea ocr_par ocr_line ocrx_word'/>
</head>
<body>
  <div class='ocr_page' id='page_1' title='image "./tlucreticarider20carugoog_0016.png"; bbox 0 0 2496 3876; ppageno 0'>
   <div class='ocr_carea' id='block_1_1' title="bbox 471 243 1114 301">
    <p class='ocr_par' dir='ltr' id='par_1_1' title="bbox 471 243 1114 301">
     <span class='ocr_line' id='line_1_1' title="bbox 471 243 1114 301; baseline -0.006 -1"><span class='ocrx_word' id='word_1_1' title='bbox 471 245 750 301; x_wconf 79' lang='lat' dir='ltr'><strong>PROLEGOMENA.</strong></span> <span class='ocrx_word' id='word_1_2' title='bbox 1073 243 1114 297; x_wconf 87' lang='lat' dir='ltr'><strong>IX</strong></span> 
     </span>
    </p>
   </div>
   <div class='ocr_carea' id='block_1_2' title="bbox 106 391 1160 1966">
    <p class='ocr_par' dir='ltr' id='par_1_2' title="bbox 106 391 1160 1966">
     <span class='ocr_line' id='line_1_2' title="bbox 106 391 1112 471; baseline -0.002 -18"><span class='ocrx_word' id='word_1_3' title='bbox 106 396 140 453; x_wconf 93' lang='lat' dir='ltr'><strong>in</strong></span> <span class='ocrx_word' id='word_1_4' title='bbox 164 391 334 453; x_wconf 89' lang='lat' dir='ltr'><strong>Lucretium</strong></span> <span class='ocrx_word' id='word_1_5' title='bbox 358 398 498 470; x_wconf 90' lang='lat' dir='ltr'><strong>quantum</strong></span> <span class='ocrx_word' id='word_1_6' title='bbox 520 411 638 471; x_wconf 89' lang='lat' dir='ltr'><strong>possem</strong></span> <span class='ocrx_word' id='word_1_7' title='bbox 660 392 889 471; x_wconf 89' lang='lat' dir='ltr'><strong>intellegendum</strong></span> <span class='ocrx_word' id='word_1_8' title='bbox 913 400 943 453; x_wconf 93' lang='lat' dir='ltr'><strong>et</strong></span> <span class='ocrx_word' id='word_1_9' title='bbox 963 394 1112 470; x_wconf 87' lang='lat' dir='ltr'><strong>corrigen-</strong></span> 
     </span>
     <span class='ocr_line' id='line_1_3' title="bbox 106 481 1113 561; baseline -0.002 -21"><span class='ocrx_word' id='word_1_10' title='bbox 106 481 181 540; x_wconf 91' lang='lat' dir='ltr'><strong>dum</strong></span> <span class='ocrx_word' id='word_1_11' title='bbox 226 481 365 540; x_wconf 83' lang='lat' dir='ltr'><strong>carminis</strong></span> <span class='ocrx_word' id='word_1_12' title='bbox 405 487 516 540; x_wconf 89' lang='lat' dir='ltr'><strong>textum</strong></span> <span class='ocrx_word' id='word_1_13' title='bbox 558 499 676 560; x_wconf 81' lang='lat' dir='ltr'>operam</span> <span class='ocrx_word' id='word_1_14' title='bbox 715 485 907 561; x_wconf 83' lang='lat' dir='ltr'><strong>insumerem,</strong></span> <span class='ocrx_word' id='word_1_15' title='bbox 952 481 1018 540; x_wconf 87' lang='lat' dir='ltr'><strong>fieri</strong></span> <span class='ocrx_word' id='word_1_16' title='bbox 1053 497 1113 539; x_wconf 92' lang='lat' dir='ltr'><strong>nou</strong></span> 
     </span>
     <span class='ocr_line' id='line_1_4' title="bbox 106 569 1112 648; baseline -0.002 -20"><span class='ocrx_word' id='word_1_17' title='bbox 106 570 206 648; x_wconf 92' lang='lat' dir='ltr'><strong>potuit</strong></span> <span class='ocrx_word' id='word_1_18' title='bbox 229 570 300 646; x_wconf 90' lang='lat' dir='ltr'><strong>quin</strong></span> <span class='ocrx_word' id='word_1_19' title='bbox 322 569 414 645; x_wconf 89' lang='lat' dir='ltr'><strong>magis</strong></span> <span class='ocrx_word' id='word_1_20' title='bbox 433 571 583 647; x_wconf 82' lang='lat' dir='ltr'>magisque</span> <span class='ocrx_word' id='word_1_21' title='bbox 601 571 633 629; x_wconf 93' lang='lat' dir='ltr'><strong>in</strong></span> <span class='ocrx_word' id='word_1_22' title='bbox 652 569 782 648; x_wconf 91' lang='lat' dir='ltr'><strong>singulos</strong></span> <span class='ocrx_word' id='word_1_23' title='bbox 801 587 893 629; x_wconf 91' lang='lat' dir='ltr'><strong>annos</strong></span> <span class='ocrx_word' id='word_1_24' title='bbox 912 570 1112 647; x_wconf 80' lang='lat' dir='ltr'><strong>perspicerem</strong></span> 
     </span>
     <span class='ocr_line' id='line_1_5' title="bbox 107 656 1112 738; baseline -0.001 -22"><span class='ocrx_word' id='word_1_25' title='bbox 107 658 174 716; x_wconf 90' lang='lat' dir='ltr'><strong>eins</strong></span> <span class='ocrx_word' id='word_1_26' title='bbox 206 656 389 715; x_wconf 79' lang='lat' dir='ltr'><strong>fundamenti</strong></span> <span class='ocrx_word' id='word_1_27' title='bbox 420 673 478 734; x_wconf 91' lang='lat' dir='ltr'><strong>quo</strong></span> <span class='ocrx_word' id='word_1_28' title='bbox 510 659 605 725; x_wconf 86' lang='lat' dir='ltr'><strong>omnis</strong></span> <span class='ocrx_word' id='word_1_29' title='bbox 637 658 801 717; x_wconf 84' lang='lat' dir='ltr'><strong>emendatio</strong></span> <span class='ocrx_word' id='word_1_30' title='bbox 832 659 984 738; x_wconf 80' lang='lat' dir='ltr'><strong>carminis,</strong></span> <span class='ocrx_word' id='word_1_31' title='bbox 1017 658 1112 716; x_wconf 90' lang='lat' dir='ltr'><strong>omnis</strong></span> 
     </span>
     <span class='ocr_line' id='line_1_6' title="bbox 107 743 1111 825; baseline -0.001 -22"><span class='ocrx_word' id='word_1_32' title='bbox 107 745 314 821; x_wconf 77' lang='lat' dir='ltr'><strong>interpretatio</strong></span> <span class='ocrx_word' id='word_1_33' title='bbox 351 745 492 803; x_wconf 88' lang='lat' dir='ltr'><strong>sustineri</strong></span> <span class='ocrx_word' id='word_1_34' title='bbox 527 743 660 825; x_wconf 83' lang='lat' dir='ltr'><strong>deberet,</strong></span> <span class='ocrx_word' id='word_1_35' title='bbox 696 745 816 805; x_wconf 89' lang='lat' dir='ltr'><strong>alteram</strong></span> <span class='ocrx_word' id='word_1_36' title='bbox 847 752 962 823; x_wconf 92' lang='lat' dir='ltr'><strong>partem</strong></span> <span class='ocrx_word' id='word_1_37' title='bbox 994 746 1111 822; x_wconf 83' lang='lat' dir='ltr'><strong>egregie</strong></span> 
     </span>
     <span class='ocr_line' id='line_1_7' title="bbox 107 829 1112 912; baseline 0 -21"><span class='ocrx_word' id='word_1_38' title='bbox 107 834 216 891; x_wconf 87' lang='lat' dir='ltr'><strong>iactam</strong></span> <span class='ocrx_word' id='word_1_39' title='bbox 239 848 304 890; x_wconf 89' lang='lat' dir='ltr'><strong>esse</strong></span> <span class='ocrx_word' id='word_1_40' title='bbox 327 829 363 890; x_wconf 88' lang='lat' dir='ltr'><strong>ab</strong></span> <span class='ocrx_word' id='word_1_41' title='bbox 386 829 584 912; x_wconf 91' lang='lat' dir='ltr'><strong>Lachmanno,</strong></span> <span class='ocrx_word' id='word_1_42' title='bbox 613 831 734 893; x_wconf 88' lang='lat' dir='ltr'><strong>alteram</strong></span> <span class='ocrx_word' id='word_1_43' title='bbox 756 835 804 892; x_wconf 89' lang='lat' dir='ltr'><strong>vix</strong></span> <span class='ocrx_word' id='word_1_44' title='bbox 827 832 999 892; x_wconf 86' lang='lat' dir='ltr'><strong>inchoatam.</strong></span> <span class='ocrx_word' id='word_1_45' title='bbox 1044 849 1112 891; x_wconf 89' lang='lat' dir='ltr'><strong>nam</strong></span> 
     </span>
     <span class='ocr_line' id='line_1_8' title="bbox 108 919 1113 1000; baseline -0.001 -21"><span class='ocrx_word' id='word_1_46' title='bbox 108 937 179 979; x_wconf 92' lang='lat' dir='ltr'><strong>cum</strong></span> <span class='ocrx_word' id='word_1_47' title='bbox 211 936 327 998; x_wconf 91' lang='lat' dir='ltr'><strong>eorum,</strong></span> <span class='ocrx_word' id='word_1_48' title='bbox 364 936 437 996; x_wconf 87' lang='lat' dir='ltr'><strong>quae</strong></span> <span class='ocrx_word' id='word_1_49' title='bbox 469 919 504 979; x_wconf 93' lang='lat' dir='ltr'><strong>ab</strong></span> <span class='ocrx_word' id='word_1_50' title='bbox 536 923 724 998; x_wconf 87' lang='lat' dir='ltr'><strong>grammatico</strong></span> <span class='ocrx_word' id='word_1_51' title='bbox 757 923 958 1000; x_wconf 88' lang='lat' dir='ltr'><strong>exigerentur,</strong></span> <span class='ocrx_word' id='word_1_52' title='bbox 993 922 1025 979; x_wconf 92' lang='lat' dir='ltr'><strong>in</strong></span> <span class='ocrx_word' id='word_1_53' title='bbox 1056 920 1113 978; x_wconf 89' lang='lat' dir='ltr'><strong>viri</strong></span> 
     </span>
     <span class='ocr_line' id='line_1_9' title="bbox 108 1005 1112 1087; baseline 0 -21"><span class='ocrx_word' id='word_1_54' title='bbox 108 1008 212 1066; x_wconf 89' lang='lat' dir='ltr'><strong>eximii</strong></span> <span class='ocrx_word' id='word_1_55' title='bbox 247 1005 409 1066; x_wconf 91' lang='lat' dir='ltr'><strong>clarissimo</strong></span> <span class='ocrx_word' id='word_1_56' title='bbox 447 1025 534 1085; x_wconf 91' lang='lat' dir='ltr'><strong>opere</strong></span> <span class='ocrx_word' id='word_1_57' title='bbox 570 1006 645 1067; x_wconf 92' lang='lat' dir='ltr'><strong>nihil</strong></span> <span class='ocrx_word' id='word_1_58' title='bbox 676 1008 737 1068; x_wconf 86' lang='lat' dir='ltr'><strong>iere</strong></span> <span class='ocrx_word' id='word_1_59' title='bbox 774 1007 937 1068; x_wconf 90' lang='lat' dir='ltr'><strong>desiderari</strong></span> <span class='ocrx_word' id='word_1_60' title='bbox 972 1007 1112 1087; x_wconf 84' lang='lat' dir='ltr'><strong>viderem,</strong></span> 
     </span>
     <span class='ocr_line' id='line_1_10' title="bbox 109 1094 1113 1177; baseline 0.001 -24"><span class='ocrx_word' id='word_1_61' title='bbox 109 1096 283 1173; x_wconf 90' lang='lat' dir='ltr'><strong>saepissime</strong></span> <span class='ocrx_word' id='word_1_62' title='bbox 310 1097 342 1153; x_wconf 94' lang='lat' dir='ltr'><strong>in</strong></span> <span class='ocrx_word' id='word_1_63' title='bbox 365 1097 408 1154; x_wconf 93' lang='lat' dir='ltr'><strong>eis</strong></span> <span class='ocrx_word' id='word_1_64' title='bbox 431 1094 491 1154; x_wconf 84' lang='lat' dir='ltr'><strong>vidi</strong></span> <span class='ocrx_word' id='word_1_65' title='bbox 513 1103 656 1177; x_wconf 88' lang='lat' dir='ltr'><strong>erratum,</strong></span> <span class='ocrx_word' id='word_1_66' title='bbox 684 1114 758 1174; x_wconf 89' lang='lat' dir='ltr'><strong>quae</strong></span> <span class='ocrx_word' id='word_1_67' title='bbox 782 1097 845 1155; x_wconf 90' lang='lat' dir='ltr'><strong>sine</strong></span> <span class='ocrx_word' id='word_1_68' title='bbox 869 1113 987 1155; x_wconf 91' lang='lat' dir='ltr'><strong>rerum</strong></span> <span class='ocrx_word' id='word_1_69' title='bbox 1009 1097 1113 1155; x_wconf 93' lang='lat' dir='ltr'><strong>notitia</strong></span> 
     </span>
     <span class='ocr_line' id='line_1_11' title="bbox 108 1181 1160 1262; baseline 0.001 -21"><span class='ocrx_word' id='word_1_70' title='bbox 108 1189 198 1260; x_wconf 77' lang='lat' dir='ltr'><strong>atque</strong></span> <span class='ocrx_word' id='word_1_71' title='bbox 220 1183 429 1260; x_wconf 87' lang='lat' dir='ltr'><strong>perspicientia</strong></span> <span class='ocrx_word' id='word_1_72' title='bbox 453 1181 585 1260; x_wconf 83' lang='lat' dir='ltr'><strong>intellegi</strong></span> <span class='ocrx_word' id='word_1_73' title='bbox 607 1202 666 1243; x_wconf 94' lang='lat' dir='ltr'><strong>non</strong></span> <span class='ocrx_word' id='word_1_74' title='bbox 689 1191 817 1262; x_wconf 91' lang='lat' dir='ltr'><strong>possent.</strong></span> <span class='ocrx_word' id='word_1_75' title='bbox 863 1201 920 1261; x_wconf 88' lang='lat' dir='ltr'><strong>qua</strong></span> <span class='ocrx_word' id='word_1_76' title='bbox 943 1185 974 1243; x_wconf 91' lang='lat' dir='ltr'><strong>in</strong></span> <span class='ocrx_word' id='word_1_77' title='bbox 997 1202 1030 1243; x_wconf 94' lang='lat' dir='ltr'><strong>re</strong></span> <span class='ocrx_word' id='word_1_78' title='bbox 1053 1200 1112 1242; x_wconf 93' lang='lat' dir='ltr'><strong>non</strong></span> <span class='ocrx_word' id='word_1_79' title='bbox 1158 1227 1160 1232; x_wconf 27' lang='grc' dir='ltr'><em>ι</em></span> 
     </span>
     <span class='ocr_line' id='line_1_12' title="bbox 109 1269 1112 1350; baseline 0 -20"><span class='ocrx_word' id='word_1_80' title='bbox 109 1276 169 1350; x_wconf 91' lang='lat' dir='ltr'><strong>est,</strong></span> <span class='ocrx_word' id='word_1_81' title='bbox 201 1288 254 1330; x_wconf 94' lang='lat' dir='ltr'><strong>cur</strong></span> <span class='ocrx_word' id='word_1_82' title='bbox 285 1272 352 1347; x_wconf 91' lang='lat' dir='ltr'><strong>quis</strong></span> <span class='ocrx_word' id='word_1_83' title='bbox 380 1269 598 1330; x_wconf 90' lang='lat' dir='ltr'><strong>Lachmannum</strong></span> <span class='ocrx_word' id='word_1_84' title='bbox 625 1273 779 1350; x_wconf 89' lang='lat' dir='ltr'><strong>vituperet.</strong></span> <span class='ocrx_word' id='word_1_85' title='bbox 829 1273 881 1348; x_wconf 89' lang='lat' dir='ltr'><strong>qui</strong></span> <span class='ocrx_word' id='word_1_86' title='bbox 906 1273 951 1331; x_wconf 84' lang='lat' dir='ltr'><strong>vir</strong></span> <span class='ocrx_word' id='word_1_87' title='bbox 979 1289 1112 1331; x_wconf 90' lang='lat' dir='ltr'><strong>summus</strong></span> 
     </span>
     <span class='ocr_line' id='line_1_13' title="bbox 110 1357 1112 1438; baseline 0.001 -21"><span class='ocrx_word' id='word_1_88' title='bbox 110 1375 179 1418; x_wconf 91' lang='lat' dir='ltr'><strong>eum</strong></span> <span class='ocrx_word' id='word_1_89' title='bbox 215 1365 329 1418; x_wconf 90' lang='lat' dir='ltr'><strong>certum</strong></span> <span class='ocrx_word' id='word_1_90' title='bbox 365 1357 510 1435; x_wconf 90' lang='lat' dir='ltr'><strong>quoddam</strong></span> <span class='ocrx_word' id='word_1_91' title='bbox 546 1357 708 1418; x_wconf 88' lang='lat' dir='ltr'><strong>studiomm</strong></span> <span class='ocrx_word' id='word_1_92' title='bbox 745 1361 803 1418; x_wconf 89' lang='lat' dir='ltr'><strong>iter</strong></span> <span class='ocrx_word' id='word_1_93' title='bbox 838 1361 990 1436; x_wconf 89' lang='lat' dir='ltr'><strong>ingressus</strong></span> <span class='ocrx_word' id='word_1_94' title='bbox 1025 1365 1112 1438; x_wconf 90' lang='lat' dir='ltr'><strong>esset,</strong></span> 
     </span>
     <span class='ocr_line' id='line_1_14' title="bbox 110 1444 1111 1525; baseline -0.002 -19"><span class='ocrx_word' id='word_1_95' title='bbox 110 1452 195 1506; x_wconf 88' lang='lat' dir='ltr'><strong>erant</strong></span> <span class='ocrx_word' id='word_1_96' title='bbox 231 1463 304 1523; x_wconf 89' lang='lat' dir='ltr'><strong>quae</strong></span> <span class='ocrx_word' id='word_1_97' title='bbox 340 1445 406 1504; x_wconf 90' lang='lat' dir='ltr'><strong>aliis</strong></span> <span class='ocrx_word' id='word_1_98' title='bbox 442 1444 612 1524; x_wconf 89' lang='lat' dir='ltr'><strong>explicanda</strong></span> <span class='ocrx_word' id='word_1_99' title='bbox 644 1453 673 1506; x_wconf 88' lang='lat' dir='ltr'><strong>et</strong></span> <span class='ocrx_word' id='word_1_100' title='bbox 707 1446 913 1525; x_wconf 87' lang='lat' dir='ltr'><strong>perpurganda</strong></span> <span class='ocrx_word' id='word_1_101' title='bbox 944 1445 1111 1523; x_wconf 88' lang='lat' dir='ltr'><strong>relinquere</strong></span> 
     </span>
     <span class='ocr_line' id='line_1_15' title="bbox 110 1535 1112 1612; baseline -0.002 -18"><span class='ocrx_word' id='word_1_102' title='bbox 110 1539 273 1610; x_wconf 90' lang='lat' dir='ltr'><strong>cogeretur.</strong></span> <span class='ocrx_word' id='word_1_103' title='bbox 327 1535 425 1611; x_wconf 88' lang='lat' dir='ltr'><strong>itaque</strong></span> <span class='ocrx_word' id='word_1_104' title='bbox 462 1535 525 1612; x_wconf 89' lang='lat' dir='ltr'><strong>ipse</strong></span> <span class='ocrx_word' id='word_1_105' title='bbox 561 1535 593 1592; x_wconf 93' lang='lat' dir='ltr'><strong>in</strong></span> <span class='ocrx_word' id='word_1_106' title='bbox 628 1541 759 1594; x_wconf 90' lang='lat' dir='ltr'><strong>extrema</strong></span> <span class='ocrx_word' id='word_1_107' title='bbox 794 1535 998 1594; x_wconf 89' lang='lat' dir='ltr'><strong>commentarii</strong></span> <span class='ocrx_word' id='word_1_108' title='bbox 1028 1550 1112 1610; x_wconf 89' lang='lat' dir='ltr'><strong>prae-</strong></span> 
     </span>
     <span class='ocr_line' id='line_1_16' title="bbox 110 1615 1112 1700; baseline -0.002 -20"><span class='ocrx_word' id='word_1_109' title='bbox 110 1622 220 1680; x_wconf 87' lang='lat' dir='ltr'><strong>fatione</strong></span> <span class='ocrx_word' id='word_1_110' title='bbox 257 1617 338 1680; x_wconf 71' lang='lat' dir='ltr'><strong>‘licet</strong></span> <span class='ocrx_word' id='word_1_111' title='bbox 373 1615 458 1680; x_wconf 89' lang='lat' dir='ltr'><strong>mihi&#39;</strong></span> <span class='ocrx_word' id='word_1_112' title='bbox 494 1623 535 1680; x_wconf 91' lang='lat' dir='ltr'><strong>ait</strong></span> <span class='ocrx_word' id='word_1_113' title='bbox 571 1617 613 1681; x_wconf 80' lang='lat' dir='ltr'><strong>‘in</strong></span> <span class='ocrx_word' id='word_1_114' title='bbox 650 1640 701 1700; x_wconf 91' lang='lat' dir='ltr'><strong>spe</strong></span> <span class='ocrx_word' id='word_1_115' title='bbox 737 1621 813 1682; x_wconf 91' lang='lat' dir='ltr'><strong>laeta</strong></span> <span class='ocrx_word' id='word_1_116' title='bbox 848 1628 987 1699; x_wconf 91' lang='lat' dir='ltr'><strong>certaque</strong></span> <span class='ocrx_word' id='word_1_117' title='bbox 1023 1621 1112 1679; x_wconf 87' lang='lat' dir='ltr'><strong>tinem</strong></span> 
     </span>
     <span class='ocr_line' id='line_1_17' title="bbox 110 1706 1112 1789; baseline -0.001 -21"><span class='ocrx_word' id='word_1_118' title='bbox 110 1710 208 1769; x_wconf 88' lang='lat' dir='ltr'><strong>facere</strong></span> <span class='ocrx_word' id='word_1_119' title='bbox 230 1708 391 1789; x_wconf 84' lang='lat' dir='ltr'><strong>praefandi,</strong></span> <span class='ocrx_word' id='word_1_120' title='bbox 414 1727 470 1787; x_wconf 91' lang='lat' dir='ltr'><strong>qua</strong></span> <span class='ocrx_word' id='word_1_121' title='bbox 493 1709 599 1769; x_wconf 90' lang='lat' dir='ltr'><strong>duetus</strong></span> <span class='ocrx_word' id='word_1_122' title='bbox 621 1710 754 1770; x_wconf 89' lang='lat' dir='ltr'><strong>futurum</strong></span> <span class='ocrx_word' id='word_1_123' title='bbox 778 1727 904 1788; x_wconf 90' lang='lat' dir='ltr'><strong>auguror</strong></span> <span class='ocrx_word' id='word_1_124' title='bbox 926 1716 960 1770; x_wconf 90' lang='lat' dir='ltr'><strong>ut</strong></span> <span class='ocrx_word' id='word_1_125' title='bbox 981 1706 1112 1768; x_wconf 90' lang='lat' dir='ltr'><strong>Lucretii</strong></span> 
     </span>
     <span class='ocr_line' id='line_1_18' title="bbox 111 1793 1113 1877; baseline -0.001 -20"><span class='ocrx_word' id='word_1_126' title='bbox 111 1814 231 1857; x_wconf 88' lang='lat' dir='ltr'><strong>carmen</strong></span> <span class='ocrx_word' id='word_1_127' title='bbox 252 1798 493 1876; x_wconf 87' lang='lat' dir='ltr'><strong>interpretatione</strong></span> <span class='ocrx_word' id='word_1_128' title='bbox 512 1796 643 1857; x_wconf 90' lang='lat' dir='ltr'><strong>doctiore</strong></span> <span class='ocrx_word' id='word_1_129' title='bbox 661 1793 846 1877; x_wconf 90' lang='lat' dir='ltr'><strong>illustretur&#39;,</strong></span> <span class='ocrx_word' id='word_1_130' title='bbox 869 1815 956 1875; x_wconf 88' lang='lat' dir='ltr'><strong>quam</strong></span> <span class='ocrx_word' id='word_1_131' title='bbox 976 1796 1113 1857; x_wconf 88' lang='lat' dir='ltr'><strong>videlicet</strong></span> 
     </span>
     <span class='ocr_line' id='line_1_19' title="bbox 111 1883 1112 1966; baseline 0 -22"><span class='ocrx_word' id='word_1_132' title='bbox 111 1883 283 1962; x_wconf 85' lang='lat' dir='ltr'><strong>expectabat</strong></span> <span class='ocrx_word' id='word_1_133' title='bbox 314 1903 330 1944; x_wconf 93' lang='lat' dir='ltr'><strong>a</strong></span> <span class='ocrx_word' id='word_1_134' title='bbox 358 1883 459 1944; x_wconf 85' lang='lat' dir='ltr'><strong>Carolo</strong></span> <span class='ocrx_word' id='word_1_135' title='bbox 488 1884 688 1966; x_wconf 89' lang='lat' dir='ltr'><strong>Steinhardto,</strong></span> <span class='ocrx_word' id='word_1_136' title='bbox 719 1884 859 1945; x_wconf 92' lang='lat' dir='ltr'><strong>nonnulla</strong></span> <span class='ocrx_word' id='word_1_137' title='bbox 886 1903 937 1962; x_wconf 92' lang='lat' dir='ltr'><strong>spe</strong></span> <span class='ocrx_word' id='word_1_138' title='bbox 966 1887 1054 1944; x_wconf 91' lang='lat' dir='ltr'><strong>etiam</strong></span> <span class='ocrx_word' id='word_1_139' title='bbox 1080 1887 1112 1944; x_wconf 92' lang='lat' dir='ltr'><strong>in</strong></span> 
     </span>
    </p>
   </div>
   <div class='ocr_carea' id='block_1_3' title="bbox 110 1967 1221 2051">
    <p class='ocr_par' dir='ltr' id='par_1_3' title="bbox 110 1967 1221 2051">
     <span class='ocr_line' id='line_1_20' title="bbox 110 1967 1221 2051; baseline -0.001 -19"><span class='ocrx_word' id='word_1_140' title='bbox 110 1971 281 2032; x_wconf 88' lang='lat' dir='ltr'><strong>Reisackeri</strong></span> <span class='ocrx_word' id='word_1_141' title='bbox 308 1972 413 2032; x_wconf 89' lang='lat' dir='ltr'><strong>studiis</strong></span> <span class='ocrx_word' id='word_1_142' title='bbox 440 1974 543 2050; x_wconf 90' lang='lat' dir='ltr'><strong>posita.</strong></span> <span class='ocrx_word' id='word_1_143' title='bbox 589 1967 732 2034; x_wconf 78' lang='lat' dir='ltr'><strong>‘interim&#39;</strong></span> <span class='ocrx_word' id='word_1_144' title='bbox 759 1975 856 2051; x_wconf 91' lang='lat' dir='ltr'><strong>inquit</strong></span> <span class='ocrx_word' id='word_1_145' title='bbox 883 1968 928 2032; x_wconf 71' lang='lat' dir='ltr'><strong>‘ut</strong></span> <span class='ocrx_word' id='word_1_146' title='bbox 949 1974 1112 2051; x_wconf 89' lang='lat' dir='ltr'><strong>poterimus</strong></span> <span class='ocrx_word' id='word_1_147' title='bbox 1218 1968 1221 1975; x_wconf 82' lang='lat'>&#39;</span> 
     </span>
    </p>
   </div>
   <div class='ocr_carea' id='block_1_4' title="bbox 111 2055 1176 3630">
    <p class='ocr_par' dir='ltr' id='par_1_4' title="bbox 111 2055 1176 3630">
     <span class='ocr_line' id='line_1_21' title="bbox 111 2055 1113 2141; baseline -0.001 -22"><span class='ocrx_word' id='word_1_148' title='bbox 111 2058 310 2140; x_wconf 91' lang='lat' dir='ltr'><strong>perpoliemus</strong></span> <span class='ocrx_word' id='word_1_149' title='bbox 344 2060 401 2120; x_wconf 93' lang='lat' dir='ltr'><strong>hoc</strong></span> <span class='ocrx_word' id='word_1_150' title='bbox 432 2055 570 2120; x_wconf 92' lang='lat' dir='ltr'><strong>carmen&#39;.</strong></span> <span class='ocrx_word' id='word_1_151' title='bbox 625 2061 677 2121; x_wconf 90' lang='lat' dir='ltr'><strong>sed</strong></span> <span class='ocrx_word' id='word_1_152' title='bbox 709 2062 817 2121; x_wconf 86' lang='lat' dir='ltr'><strong>lactum</strong></span> <span class='ocrx_word' id='word_1_153' title='bbox 848 2079 908 2121; x_wconf 94' lang='lat' dir='ltr'><strong>non</strong></span> <span class='ocrx_word' id='word_1_154' title='bbox 940 2067 997 2141; x_wconf 89' lang='lat' dir='ltr'><strong>est,</strong></span> <span class='ocrx_word' id='word_1_155' title='bbox 1035 2059 1113 2138; x_wconf 90' lang='lat' dir='ltr'><strong>quod</strong></span> 
     </span>
     <span class='ocr_line' id='line_1_22' title="bbox 112 2147 1112 2226; baseline -0.002 -18"><span class='ocrx_word' id='word_1_156' title='bbox 112 2153 280 2226; x_wconf 89' lang='lat' dir='ltr'><strong>speraverat</strong></span> <span class='ocrx_word' id='word_1_157' title='bbox 314 2149 453 2208; x_wconf 90' lang='lat' dir='ltr'><strong>carminis</strong></span> <span class='ocrx_word' id='word_1_158' title='bbox 488 2147 657 2209; x_wconf 88' lang='lat' dir='ltr'><strong>Lucretiani</strong></span> <span class='ocrx_word' id='word_1_159' title='bbox 692 2150 853 2209; x_wconf 89' lang='lat' dir='ltr'><strong>restitutor.</strong></span> <span class='ocrx_word' id='word_1_160' title='bbox 912 2165 980 2208; x_wconf 89' lang='lat' dir='ltr'><strong>nam</strong></span> <span class='ocrx_word' id='word_1_161' title='bbox 1017 2147 1112 2207; x_wconf 92' lang='lat' dir='ltr'><strong>Stein-</strong></span> 
     </span>
     <span class='ocr_line' id='line_1_23' title="bbox 111 2233 1113 2296; baseline -0.003 -1"><span class='ocrx_word' id='word_1_162' title='bbox 111 2235 233 2295; x_wconf 91' lang='lat' dir='ltr'><strong>hardtus</strong></span> <span class='ocrx_word' id='word_1_163' title='bbox 258 2253 326 2294; x_wconf 89' lang='lat' dir='ltr'><strong>mox</strong></span> <span class='ocrx_word' id='word_1_164' title='bbox 348 2241 443 2296; x_wconf 92' lang='lat' dir='ltr'><strong>totum</strong></span> <span class='ocrx_word' id='word_1_165' title='bbox 466 2253 497 2294; x_wconf 93' lang='lat' dir='ltr'><strong>se</strong></span> <span class='ocrx_word' id='word_1_166' title='bbox 520 2235 601 2295; x_wconf 85' lang='lat' dir='ltr'><strong>dedit</strong></span> <span class='ocrx_word' id='word_1_167' title='bbox 618 2235 775 2296; x_wconf 90' lang='lat' dir='ltr'><strong>Platonicis</strong></span> <span class='ocrx_word' id='word_1_168' title='bbox 800 2235 905 2295; x_wconf 91' lang='lat' dir='ltr'><strong>studiis</strong></span> <span class='ocrx_word' id='word_1_169' title='bbox 926 2241 956 2294; x_wconf 90' lang='lat' dir='ltr'><strong>et</strong></span> <span class='ocrx_word' id='word_1_170' title='bbox 974 2253 1011 2294; x_wconf 94' lang='lat' dir='ltr'><strong>ne</strong></span> <span class='ocrx_word' id='word_1_171' title='bbox 1030 2233 1113 2293; x_wconf 89' lang='lat' dir='ltr'><strong>Reis-</strong></span> 
     </span>
     <span class='ocr_line' id='line_1_24' title="bbox 113 2321 1114 2401; baseline 0 -19"><span class='ocrx_word' id='word_1_172' title='bbox 113 2322 237 2382; x_wconf 88' lang='lat' dir='ltr'><strong>ackerus</strong></span> <span class='ocrx_word' id='word_1_173' title='bbox 272 2322 391 2401; x_wconf 88' lang='lat' dir='ltr'><strong>quidem</strong></span> <span class='ocrx_word' id='word_1_174' title='bbox 421 2322 489 2401; x_wconf 91' lang='lat' dir='ltr'><strong>plus</strong></span> <span class='ocrx_word' id='word_1_175' title='bbox 523 2323 581 2382; x_wconf 91' lang='lat' dir='ltr'><strong>duo</strong></span> <span class='ocrx_word' id='word_1_176' title='bbox 610 2325 705 2401; x_wconf 91' lang='lat' dir='ltr'><strong>capita</strong></span> <span class='ocrx_word' id='word_1_177' title='bbox 731 2322 881 2383; x_wconf 93' lang='lat' dir='ltr'><strong>doctrinae</strong></span> <span class='ocrx_word' id='word_1_178' title='bbox 907 2321 1069 2400; x_wconf 84' lang='lat' dir='ltr'><strong>Epicureae</strong></span> <span class='ocrx_word' id='word_1_179' title='bbox 1097 2340 1114 2382; x_wconf 95' lang='lat' dir='ltr'><strong>a</strong></span> 
     </span>
     <span class='ocr_line' id='line_1_25' title="bbox 112 2408 1114 2488; baseline -0.001 -17"><span class='ocrx_word' id='word_1_180' title='bbox 112 2411 249 2471; x_wconf 88' lang='lat' dir='ltr'><strong>Lucretio</strong></span> <span class='ocrx_word' id='word_1_181' title='bbox 275 2416 414 2471; x_wconf 90' lang='lat' dir='ltr'><strong>tractatae</strong></span> <span class='ocrx_word' id='word_1_182' title='bbox 441 2413 585 2488; x_wconf 81' lang='lat' dir='ltr'><strong>exposuit.</strong></span> <span class='ocrx_word' id='word_1_183' title='bbox 630 2413 729 2488; x_wconf 91' lang='lat' dir='ltr'><strong>itaque</strong></span> <span class='ocrx_word' id='word_1_184' title='bbox 752 2416 908 2488; x_wconf 92' lang='lat' dir='ltr'><strong>cumpost</strong></span> <span class='ocrx_word' id='word_1_185' title='bbox 931 2408 1114 2470; x_wconf 88' lang='lat' dir='ltr'><strong>Gassendum</strong></span> 
     </span>
     <span class='ocr_line' id='line_1_26' title="bbox 113 2496 1113 2577; baseline -0.001 -18"><span class='ocrx_word' id='word_1_186' title='bbox 113 2516 199 2559; x_wconf 90' lang='lat' dir='ltr'><strong>nemo</strong></span> <span class='ocrx_word' id='word_1_187' title='bbox 222 2497 259 2557; x_wconf 89' lang='lat' dir='ltr'><strong>ad</strong></span> <span class='ocrx_word' id='word_1_188' title='bbox 281 2501 447 2558; x_wconf 88' lang='lat' dir='ltr'><strong>universam</strong></span> <span class='ocrx_word' id='word_1_189' title='bbox 465 2498 585 2577; x_wconf 88' lang='lat' dir='ltr'><strong>Epicuri</strong></span> <span class='ocrx_word' id='word_1_190' title='bbox 606 2496 817 2576; x_wconf 80' lang='lat' dir='ltr'><strong>physiologiam</strong></span> <span class='ocrx_word' id='word_1_191' title='bbox 836 2517 870 2558; x_wconf 87' lang='lat' dir='ltr'><strong>ex</strong></span> <span class='ocrx_word' id='word_1_192' title='bbox 891 2497 1021 2558; x_wconf 83' lang='lat' dir='ltr'><strong>fontibus</strong></span> <span class='ocrx_word' id='word_1_193' title='bbox 1040 2499 1113 2576; x_wconf 92' lang='lat' dir='ltr'><strong>ipsis</strong></span> 
     </span>
     <span class='ocr_line' id='line_1_27' title="bbox 112 2585 1115 2667; baseline -0.001 -20"><span class='ocrx_word' id='word_1_194' title='bbox 112 2585 303 2647; x_wconf 89' lang='lat' dir='ltr'><strong>hauriendam</strong></span> <span class='ocrx_word' id='word_1_195' title='bbox 332 2593 362 2647; x_wconf 94' lang='lat' dir='ltr'><strong>et</strong></span> <span class='ocrx_word' id='word_1_196' title='bbox 387 2588 506 2664; x_wconf 91' lang='lat' dir='ltr'><strong>penitus</strong></span> <span class='ocrx_word' id='word_1_197' title='bbox 533 2585 734 2665; x_wconf 81' lang='lat' dir='ltr'><strong>explicandam</strong></span> <span class='ocrx_word' id='word_1_198' title='bbox 761 2587 882 2665; x_wconf 89' lang='lat' dir='ltr'><strong>aggredi</strong></span> <span class='ocrx_word' id='word_1_199' title='bbox 909 2604 998 2646; x_wconf 92' lang='lat' dir='ltr'><strong>ausus</strong></span> <span class='ocrx_word' id='word_1_200' title='bbox 1026 2593 1115 2667; x_wconf 86' lang='lat' dir='ltr'><strong>esset,</strong></span> 
     </span>
     <span class='ocr_line' id='line_1_28' title="bbox 113 2673 1114 2754; baseline -0.001 -20"><span class='ocrx_word' id='word_1_201' title='bbox 113 2673 188 2734; x_wconf 92' lang='lat' dir='ltr'><strong>nihil</strong></span> <span class='ocrx_word' id='word_1_202' title='bbox 214 2673 447 2754; x_wconf 88' lang='lat' dir='ltr'><strong>relinquebatur,</strong></span> <span class='ocrx_word' id='word_1_203' title='bbox 477 2676 537 2734; x_wconf 89' lang='lat' dir='ltr'><strong>nisi</strong></span> <span class='ocrx_word' id='word_1_204' title='bbox 566 2681 600 2734; x_wconf 91' lang='lat' dir='ltr'><strong>ut</strong></span> <span class='ocrx_word' id='word_1_205' title='bbox 626 2677 690 2753; x_wconf 91' lang='lat' dir='ltr'><strong>ipse</strong></span> <span class='ocrx_word' id='word_1_206' title='bbox 719 2674 788 2752; x_wconf 90' lang='lat' dir='ltr'><strong>quid</strong></span> <span class='ocrx_word' id='word_1_207' title='bbox 815 2677 847 2734; x_wconf 93' lang='lat' dir='ltr'><strong>in</strong></span> <span class='ocrx_word' id='word_1_208' title='bbox 875 2693 909 2734; x_wconf 93' lang='lat' dir='ltr'><strong>ea</strong></span> <span class='ocrx_word' id='word_1_209' title='bbox 936 2692 968 2733; x_wconf 87' lang='lat' dir='ltr'><strong>re</strong></span> <span class='ocrx_word' id='word_1_210' title='bbox 996 2674 1114 2734; x_wconf 84' lang='lat' dir='ltr'><strong>efficere</strong></span> 
     </span>
     <span class='ocr_line' id='line_1_29' title="bbox 114 2760 1114 2841; baseline 0 -21"><span class='ocrx_word' id='word_1_211' title='bbox 114 2779 231 2841; x_wconf 89' lang='lat' dir='ltr'><strong>possem</strong></span> <span class='ocrx_word' id='word_1_212' title='bbox 258 2763 417 2841; x_wconf 88' lang='lat' dir='ltr'><strong>experirer.</strong></span> <span class='ocrx_word' id='word_1_213' title='bbox 465 2769 533 2822; x_wconf 90' lang='lat' dir='ltr'><strong>sunt</strong></span> <span class='ocrx_word' id='word_1_214' title='bbox 559 2780 628 2822; x_wconf 89' lang='lat' dir='ltr'><strong>vero</strong></span> <span class='ocrx_word' id='word_1_215' title='bbox 656 2768 776 2822; x_wconf 89' lang='lat' dir='ltr'><strong>naturae</strong></span> <span class='ocrx_word' id='word_1_216' title='bbox 804 2764 927 2822; x_wconf 91' lang='lat' dir='ltr'><strong>rationis</strong></span> <span class='ocrx_word' id='word_1_217' title='bbox 952 2760 1114 2840; x_wconf 85' lang='lat' dir='ltr'><strong>Epicureae</strong></span> 
     </span>
     <span class='ocr_line' id='line_1_30' title="bbox 114 2848 1115 2928; baseline -0.003 -18"><span class='ocrx_word' id='word_1_218' title='bbox 114 2849 301 2910; x_wconf 81' lang='lat' dir='ltr'><strong>frmdamenta</strong></span> <span class='ocrx_word' id='word_1_219' title='bbox 332 2848 417 2928; x_wconf 89' lang='lat' dir='ltr'><strong>longe</strong></span> <span class='ocrx_word' id='word_1_220' title='bbox 448 2852 558 2909; x_wconf 88' lang='lat' dir='ltr'><strong>maiore</strong></span> <span class='ocrx_word' id='word_1_221' title='bbox 587 2868 623 2910; x_wconf 87' lang='lat' dir='ltr'><strong>ex</strong></span> <span class='ocrx_word' id='word_1_222' title='bbox 649 2857 732 2928; x_wconf 92' lang='lat' dir='ltr'><strong>parte</strong></span> <span class='ocrx_word' id='word_1_223' title='bbox 759 2851 834 2910; x_wconf 92' lang='lat' dir='ltr'><strong>iacta</strong></span> <span class='ocrx_word' id='word_1_224' title='bbox 860 2851 892 2909; x_wconf 94' lang='lat' dir='ltr'><strong>in</strong></span> <span class='ocrx_word' id='word_1_225' title='bbox 920 2867 954 2908; x_wconf 92' lang='lat' dir='ltr'><strong>ea</strong></span> <span class='ocrx_word' id='word_1_226' title='bbox 981 2848 1115 2928; x_wconf 91' lang='lat' dir='ltr'><strong>epistula,</strong></span> 
     </span>
     <span class='ocr_line' id='line_1_31' title="bbox 115 2935 1116 3016; baseline -0.002 -18"><span class='ocrx_word' id='word_1_227' title='bbox 115 2955 202 3016; x_wconf 89' lang='lat' dir='ltr'><strong>quam</strong></span> <span class='ocrx_word' id='word_1_228' title='bbox 225 2935 391 3015; x_wconf 89' lang='lat' dir='ltr'><strong>Gargettius</strong></span> <span class='ocrx_word' id='word_1_229' title='bbox 414 2936 449 2996; x_wconf 92' lang='lat' dir='ltr'><strong>ad</strong></span> <span class='ocrx_word' id='word_1_230' title='bbox 472 2936 653 2997; x_wconf 80' lang='lat' dir='ltr'><strong>herodotum</strong></span> <span class='ocrx_word' id='word_1_231' title='bbox 676 2938 763 2997; x_wconf 90' lang='lat' dir='ltr'><strong>dedit.</strong></span> <span class='ocrx_word' id='word_1_232' title='bbox 803 2937 834 2996; x_wconf 93' lang='lat' dir='ltr'><strong>id</strong></span> <span class='ocrx_word' id='word_1_233' title='bbox 855 2939 946 3015; x_wconf 89' lang='lat' dir='ltr'><strong>igitur</strong></span> <span class='ocrx_word' id='word_1_234' title='bbox 964 2935 1024 2995; x_wconf 88' lang='lat' dir='ltr'><strong>vidi</strong></span> <span class='ocrx_word' id='word_1_235' title='bbox 1041 2935 1116 2996; x_wconf 93' lang='lat' dir='ltr'><strong>mihi</strong></span> 
     </span>
     <span class='ocr_line' id='line_1_32' title="bbox 115 3025 1116 3105; baseline -0.001 -20"><span class='ocrx_word' id='word_1_236' title='bbox 115 3027 264 3104; x_wconf 91' lang='lat' dir='ltr'><strong>negotium</strong></span> <span class='ocrx_word' id='word_1_237' title='bbox 295 3026 479 3105; x_wconf 92' lang='lat' dir='ltr'><strong>impositum,</strong></span> <span class='ocrx_word' id='word_1_238' title='bbox 509 3031 543 3084; x_wconf 93' lang='lat' dir='ltr'><strong>ut</strong></span> <span class='ocrx_word' id='word_1_239' title='bbox 569 3025 644 3084; x_wconf 92' lang='lat' dir='ltr'><strong>hanc</strong></span> <span class='ocrx_word' id='word_1_240' title='bbox 672 3025 828 3103; x_wconf 93' lang='lat' dir='ltr'><strong>epistulam</strong></span> <span class='ocrx_word' id='word_1_241' title='bbox 852 3031 1056 3103; x_wconf 88' lang='lat' dir='ltr'><strong>perscrutarer</strong></span> <span class='ocrx_word' id='word_1_242' title='bbox 1086 3031 1116 3084; x_wconf 92' lang='lat' dir='ltr'><strong>et</strong></span> 
     </span>
     <span class='ocr_line' id='line_1_33' title="bbox 114 3111 1116 3192; baseline 0 -20"><span class='ocrx_word' id='word_1_243' title='bbox 114 3131 168 3192; x_wconf 94' lang='lat' dir='ltr'><strong>pro</strong></span> <span class='ocrx_word' id='word_1_244' title='bbox 199 3111 279 3172; x_wconf 84' lang='lat' dir='ltr'><strong>virili</strong></span> <span class='ocrx_word' id='word_1_245' title='bbox 309 3119 391 3191; x_wconf 90' lang='lat' dir='ltr'><strong>parte</strong></span> <span class='ocrx_word' id='word_1_246' title='bbox 423 3112 618 3173; x_wconf 92' lang='lat' dir='ltr'><strong>emendarem.</strong></span> <span class='ocrx_word' id='word_1_247' title='bbox 669 3114 872 3173; x_wconf 90' lang='lat' dir='ltr'><strong>commentarii</strong></span> <span class='ocrx_word' id='word_1_248' title='bbox 902 3117 931 3171; x_wconf 93' lang='lat' dir='ltr'><strong>et</strong></span> <span class='ocrx_word' id='word_1_249' title='bbox 963 3113 1060 3172; x_wconf 91' lang='lat' dir='ltr'><strong>critici</strong></span> <span class='ocrx_word' id='word_1_250' title='bbox 1086 3119 1116 3172; x_wconf 93' lang='lat' dir='ltr'><strong>et</strong></span> 
     </span>
     <span class='ocr_line' id='line_1_34' title="bbox 116 3196 1114 3279; baseline -0.003 -18"><span class='ocrx_word' id='word_1_251' title='bbox 116 3202 260 3279; x_wconf 89' lang='lat' dir='ltr'><strong>exegetici</strong></span> <span class='ocrx_word' id='word_1_252' title='bbox 291 3207 452 3260; x_wconf 89' lang='lat' dir='ltr'><strong>extremam</strong></span> <span class='ocrx_word' id='word_1_253' title='bbox 481 3206 595 3278; x_wconf 91' lang='lat' dir='ltr'><strong>partem</strong></span> <span class='ocrx_word' id='word_1_254' title='bbox 627 3201 706 3260; x_wconf 94' lang='lat' dir='ltr'><strong>edidi</strong></span> <span class='ocrx_word' id='word_1_255' title='bbox 733 3219 807 3260; x_wconf 89' lang='lat' dir='ltr'><strong>anno</strong></span> <span class='ocrx_word' id='word_1_256' title='bbox 837 3196 922 3261; x_wconf 81' lang='lat'>1882</span> <span class='ocrx_word' id='word_1_257' title='bbox 953 3202 984 3259; x_wconf 93' lang='lat' dir='ltr'><strong>in</strong></span> <span class='ocrx_word' id='word_1_258' title='bbox 1016 3199 1114 3259; x_wconf 90' lang='lat' dir='ltr'><strong>libello</strong></span> 
     </span>
     <span class='ocr_line' id='line_1_35' title="bbox 116 3283 1115 3367; baseline -0.003 -18"><span class='ocrx_word' id='word_1_259' title='bbox 116 3288 289 3350; x_wconf 91' lang='lat' dir='ltr'><strong>scholastico</strong></span> <span class='ocrx_word' id='word_1_260' title='bbox 307 3287 436 3367; x_wconf 90' lang='lat' dir='ltr'><strong>Halensi,</strong></span> <span class='ocrx_word' id='word_1_261' title='bbox 455 3289 506 3366; x_wconf 91' lang='lat' dir='ltr'><strong>qui</strong></span> <span class='ocrx_word' id='word_1_262' title='bbox 524 3287 697 3348; x_wconf 89' lang='lat' dir='ltr'><strong>inscribitur</strong></span> <span class='ocrx_word' id='word_1_263' title='bbox 715 3283 853 3367; x_wconf 73' lang='lat' dir='ltr'><strong>‘Epihurs</strong></span> <span class='ocrx_word' id='word_1_264' title='bbox 871 3286 956 3347; x_wconf 87' lang='lat' dir='ltr'><strong>Brief</strong></span> <span class='ocrx_word' id='word_1_265' title='bbox 971 3305 1009 3348; x_wconf 92' lang='lat' dir='ltr'><strong>an</strong></span> <span class='ocrx_word' id='word_1_266' title='bbox 1024 3286 1115 3347; x_wconf 80' lang='lat' dir='ltr'><strong>hero·</strong></span> 
     </span>
     <span class='ocr_line' id='line_1_36' title="bbox 116 3373 1176 3459; baseline -0.004 -23"><span class='ocrx_word' id='word_1_267' title='bbox 116 3377 178 3458; x_wconf 92' lang='lat' dir='ltr'><strong>dot,</strong></span> <span class='ocrx_word' id='word_1_268' title='bbox 205 3377 283 3446; x_wconf 60' lang='lat' dir='ltr'><strong>Par„</strong></span> <span class='ocrx_word' id='word_1_269' title='bbox 298 3373 449 3456; x_wconf 86' lang='lat'><strong>68-83,</strong></span> <span class='ocrx_word' id='word_1_270' title='bbox 481 3374 630 3436; x_wconf 83' lang='lat' dir='ltr'><strong>iibersetzt</strong></span> <span class='ocrx_word' id='word_1_271' title='bbox 657 3375 718 3435; x_wconf 92' lang='lat' dir='ltr'><strong>und</strong></span> <span class='ocrx_word' id='word_1_272' title='bbox 748 3375 888 3436; x_wconf 78' lang='lat' dir='ltr'><strong>erlautert</strong></span> <span class='ocrx_word' id='word_1_273' title='bbox 918 3392 976 3434; x_wconf 81' lang='lat' dir='ltr'><strong>von</strong></span> <span class='ocrx_word' id='word_1_274' title='bbox 1008 3373 1055 3433; x_wconf 88' lang='lat' dir='ltr'><strong>Dr.</strong></span> <span class='ocrx_word' id='word_1_275' title='bbox 1083 3373 1115 3434; x_wconf 79' lang='lat' dir='ltr'><strong>l.</strong></span> <span class='ocrx_word' id='word_1_276' title='bbox 1175 3454 1176 3459; x_wconf 8' lang='grc' dir='ltr'>ἵ</span> 
     </span>
     <span class='ocr_line' id='line_1_37' title="bbox 116 3459 1116 3542; baseline -0.005 -17"><span class='ocrx_word' id='word_1_277' title='bbox 116 3459 257 3542; x_wconf 88' lang='lat' dir='ltr'><strong>Brieger&#39;.</strong></span> <span class='ocrx_word' id='word_1_278' title='bbox 302 3466 333 3524; x_wconf 93' lang='lat' dir='ltr'><strong>in</strong></span> <span class='ocrx_word' id='word_1_279' title='bbox 364 3463 411 3522; x_wconf 92' lang='lat' dir='ltr'><strong>his</strong></span> <span class='ocrx_word' id='word_1_280' title='bbox 438 3480 507 3522; x_wconf 88' lang='lat' dir='ltr'><strong>vero</strong></span> <span class='ocrx_word' id='word_1_281' title='bbox 537 3463 642 3523; x_wconf 91' lang='lat' dir='ltr'><strong>studiis</strong></span> <span class='ocrx_word' id='word_1_282' title='bbox 671 3480 738 3522; x_wconf 90' lang='lat' dir='ltr'><strong>cum</strong></span> <span class='ocrx_word' id='word_1_283' title='bbox 762 3479 905 3542; x_wconf 88' lang='lat' dir='ltr'><strong>versarer,</strong></span> <span class='ocrx_word' id='word_1_284' title='bbox 929 3462 1116 3541; x_wconf 88' lang='lat' dir='ltr'><strong>opportunis·</strong></span> 
     </span>
     <span class='ocr_line' id='line_1_38' title="bbox 117 3547 1115 3630; baseline -0.009 -17"><span class='ocrx_word' id='word_1_285' title='bbox 117 3555 189 3613; x_wconf 91' lang='lat' dir='ltr'><strong>sime</strong></span> <span class='ocrx_word' id='word_1_286' title='bbox 209 3551 314 3614; x_wconf 89' lang='lat' dir='ltr'><strong>accidit</strong></span> <span class='ocrx_word' id='word_1_287' title='bbox 333 3551 411 3630; x_wconf 90' lang='lat' dir='ltr'><strong>quod</strong></span> <span class='ocrx_word' id='word_1_288' title='bbox 423 3550 608 3611; x_wconf 86' lang='lat' dir='ltr'><strong>llermannus</strong></span> <span class='ocrx_word' id='word_1_289' title='bbox 622 3549 736 3610; x_wconf 87' lang='lat' dir='ltr'><strong>Usener</strong></span> <span class='ocrx_word' id='word_1_290' title='bbox 755 3567 822 3610; x_wconf 93' lang='lat' dir='ltr'><strong>cum</strong></span> <span class='ocrx_word' id='word_1_291' title='bbox 841 3550 948 3610; x_wconf 91' lang='lat' dir='ltr'><strong>ceteris</strong></span> <span class='ocrx_word' id='word_1_292' title='bbox 962 3547 1115 3625; x_wconf 84' lang='lat' dir='ltr'><strong>Epicureis</strong></span> 
     </span>
    </p>
   </div>
   <div class='ocr_carea' id='block_1_5' title="bbox 0 0 1260 3876">
    <p class='ocr_par' dir='ltr' id='par_1_5' title="bbox 0 0 1260 3876">
     <span class='ocr_line' id='line_1_39' title="bbox 0 0 1260 3876; baseline 0 0"><span class='ocrx_word' id='word_1_293' title='bbox 0 0 1260 3876; x_wconf 95' lang='lat' dir='ltr'><strong> </strong></span> 
     </span>
    </p>
   </div>
  </div>
 </body>
</html>
