2500 3882
93 173 138 242 24
590 172 603 226 Ι

165 321 318 399 sanguinis
341 321 422 380 inter
443 331 475 380 55
497 319 599 380 multis
623 318 789 380 coeuntibu’
812 321 903 398 guttis

166 427 201 468 ex
225 410 347 487 aurique
370 414 455 487 putat
476 409 562 468 micis
586 409 748 467 consistere
770 425 866 487 posse.

94 503 151 556 840
164 515 268 560 aarum
292 495 380 557 etde
403 497 492 556 terris
515 502 625 556 terram
644 513 841 566 concrescere
863 497 975 576 parvis,
1063 509 1106 550 eoo

474 627 476 632 .
587 601 607 641 *
836 633 839 638 ,

96 678 147 730 885
166 672 284 751 ignibus
307 673 435 750 exiguis,
458 688 593 732 umorem
614 670 769 732 umoribus
792 688 873 752 esse,

167 766 265 824 cetera
288 758 436 820 consimili
457 759 542 837 fingit
564 761 678 820 ratione
699 765 851 838 putatque

166 866 222 908 nec
243 854 343 910 155585
366 865 432 908 5555
454 846 514 908 5115
535 847 616 907 idem
637 864 675 909 ee
696 853 779 926 parte
802 849 835 911 tu
857 846 947 906 rebus
970 848 1060 907 inane

167 935 314 1016 consedit,
336 953 434 1014 neque
457 934 631 1014 corporibus
655 936 745 995 finem
768 951 834 994 esse
857 934 1002 994 secandis.

96 1032 151 1082 845
166 1041 256 1102 quare
279 1024 312 1084 in
332 1029 456 1102 utraque
479 1023 553 1084 mihi
575 1025 688 1102 pariter
709 1024 823 1082 ratione
846 1022 963 1082 ridetur
1063 1037 1108 1078 ers

96 1119 149 1170 840
169 1129 267 1174 errare
291 1117 379 1190 atque
401 1111 460 1192 illi,
482 1129 572 1190 supra
595 1129 669 1191 quos
691 1111 820 1170 diximus
843 1116 919 1170 ante.

168 1199 241 1259 adde
265 1199 344 1278 qued
365 1198 502 1260 inbecilla
523 1201 613 1260 nimis
636 1197 917 1278 primordiatingit3
1007 1247 1010 1254 .

169 1289 195 1347 si
210 1287 379 1367 ¹primordia
402 1295 484 1368 sunt,
508 1287 600 1348 simili
623 1305 696 1367 quae
719 1286 852 1366 praedita
873 1292 1012 1346 constant

168 1383 272 1440 natura
291 1382 380 1455 atque
404 1378 485 1455 ipsae
507 1394 557 1436 res
580 1383 663 1457 sunt,
685 1392 837 1453 55555555
860 1373 993 1434 laborant

97 1470 154 1522 850
170 1471 199 1524 et
221 1471 359 1544 pereunt,
382 1481 479 1542 neque
501 1463 538 1524 ab
559 1465 650 1524 exitio
674 1481 723 1525 res
745 1461 804 1522 ulle
826 1462 965 1522 refrenat.
1064 1476 1110 1517 eso

97 1559 149 1610 845
167 1570 236 1613 nam
259 1551 329 1630 quid
351 1553 383 1612 in
407 1570 551 1631 oppressu
573 1551 668 1612 valido
691 1549 810 1611 durabit
831 1568 947 1631 eornm,

168 1647 202 1700 ut
222 1646 349 1700 mortem
372 1639 503 1719 effugiat,
522 1639 574 1699 leti
597 1639 651 1699 sub
675 1634 930 1717 dentibusipsis‘?

168 1728 256 1807 ignis,
269 1745 307 1787 an
320 1743 414 1806 umor,
428 1744 466 1788 an
475 1723 568 1788 aura?
586 1723 794 1805 quidborum?
812 1744 952 1806 sanguen,
965 1723 1110 1788 anessa?

170 1814 226 1895 nil,
248 1821 281 1874 ut
302 1815 422 1894 opinor,
444 1813 497 1875 ubi
519 1833 555 1875 ex
578 1833 672 1893 aequo
693 1833 753 1874 res
766 1813 898 1874 funditus
922 1816 1018 1874 omnis

99 1912 154 1962 855
170 1911 231 1964 tam
253 1901 386 1966 mortalis
409 1903 466 1962 orit
488 1920 576 1981 quam
599 1921 673 1981 quae
696 1902 850 1963 manifesta
872 1901 1007 1962 videmus
1062 1915 1110 1958 ees

99 1998 151 2050 850
170 2010 206 2052 ex
230 1990 324 2052 oculis
346 1992 457 2051 nostris
480 1990 628 2069 eliquari
650 1993 735 2050 ricta·
749 1992 857 2070 perire.

170 2087 201 2140 at
226 2097 322 2158 neque
350 2078 500 2140 reccidere
529 2079 565 2139 ad
587 2078 681 2140 nilum
703 2096 751 2138 res
773 2095 861 2157 posse
884 2095 981 2156 55555
1004 2085 1109 2139 eutem

123 2189 125 2193 ·
170 2186 304 2232 creseere
328 2167 364 2228 de
387 2166 447 2227 nilo
470 2173 564 2227 testor
586 2185 635 2228 res
658 2173 725 2227 ante
747 2165 893 2246 probatas.

169 2263 322 2337 praeterea
346 2257 483 2335 quoniam
506 2254 591 2316 cibus
614 2262 700 2334 auget
723 2272 829 2333 corpus
852 2253 976 2335 alitque,

99 2351 156 2404 800
170 2348 246 2406 seire
269 2344 338 2406 licet
359 2342 446 2404 nobis
469 2361 557 2405 renas
581 2349 612 2404 et
634 2361 764 2421 sanguen
787 2349 818 2402 et
840 2359 907 2402 ossa
1064 2355 1112 2396 eoo

100 2527 152 2579 855
171 2522 232 2580 sive
256 2519 338 2580 cibos
362 2521 457 2580 omnis
480 2519 638 2579 commixto
661 2536 784 2597 corpore
807 2516 905 2578 dicent

172 2625 237 2668 esse
261 2615 291 2668 et
312 2605 421 2668 habere
444 2608 475 2667 in
499 2625 531 2666 se
553 2623 712 2667 nervorum
734 2623 858 2685 corpora
880 2622 969 2685 parra

172 2713 295 2774 ossaque
319 2702 351 2756 et
372 2696 490 2756 omnino
513 2711 602 2754 venas
624 2696 775 2773 partisque
799 2695 927 2774 cruoris,

170 2785 222 2846 fiet
243 2785 288 2844 uti
310 2781 394 2844 cibus
417 2783 528 2862 omnis,
550 2789 580 2842 et
602 2781 703 2843 aridus
727 2789 757 2843 et
778 2781 888 2862 liquor,
911 2783 975 2860 ipse

98 2880 156 2932 805
169 2892 206 2934 ex
228 2872 400 2950 alienigenis
423 2869 513 2931 rebus
536 2877 671 2931 constare
692 2877 826 2950 putetur,
1062 2880 1110 2924 565

100 2970 152 3020 860
172 2961 290 3024 ossibus
311 2967 342 3020 et
363 2960 462 3020 nervis
485 2961 626 3037 venisque
649 2966 680 3019 et
700 2960 843 3036 sanguine
865 2958 990 3018 mixtim.
1063 2972 1066 2976 ·
1101 2985 1104 2990 ·

171 3056 325 3129 praeterea
347 3065 549 3128 5555555555
571 3065 588 3108 5
610 3054 690 3108 terra
711 3063 835 3125 corpora
857 3051 996 3107 crescunt

172 3140 199 3198 si
222 3145 290 3200 suut
312 3139 343 3198 in
365 3138 468 3216 terrie,
490 3142 600 3196 terram
623 3140 757 3196 constare
781 3139 933 3195 necessest

172 3244 209 3285 ex
231 3225 416 3305 alienigenis,
440 3242 514 3304 quae
537 3225 626 3284 terris
649 3224 831 3284 exoriuntur.

101 3320 158 3372 873
171 3307 180 3396 ll
189 3319 341 3392 praeterea
354 3312 442 3374 tellus
457 3330 531 3391 quae
546 3329 668 3391 corpora
683 3328 798 3388 cunque
813 3309 873 3389 alit,
891 3316 979 3386 auget
991 3341 1033 3352 -
1043 3301 1053 3390 Η
1066 3321 1110 3364 era

102 3408 154 3458 885
172 3401 300 3461 transfer
322 3403 408 3481 item,
430 3401 554 3462 totidem
577 3398 676 3460 verbis
696 3405 781 3458 utare
804 3395 918 3458 licebit:
1066 3409 1112 3450 ero

102 3497 156 3548 871
172 3491 203 3548 in
226 3487 315 3566 lignis
338 3489 364 3548 si
386 3488 502 3550 tlamma
527 3487 598 3550 latet
621 3488 778 3564 fumusque
801 3487 947 3565 cinisque,
