2500 3882
585 223 626 276 ΠΙ
1066 223 1107 288 75

173 367 215 431 ‘at
238 371 359 431 dimissa
383 371 479 430 anima
503 387 610 447 eorpus
633 377 714 430 caret
736 370 867 451 undique
891 390 994 432 sensu:

173 459 273 538 perdit
294 459 374 518 enim
397 456 475 535 quod
497 475 557 518 non
579 459 733 536 proprium
756 459 811 520 suit
834 461 899 520 eius
921 462 953 520 in
976 454 1067 520 aevo?

598 564 616 602 ’t‘

173 633 324 712 multaque
346 639 501 711 praeterea
523 633 622 711 perdit
645 652 732 711 quam
755 633 875 713 pellitur
898 641 974 695 ante.

218 720 322 781 Dicere
345 739 434 799 porro
456 720 558 781 oeulos
580 720 691 782 nullam
714 740 778 781 rem
801 740 924 783 cernere
946 740 1047 803 posse,

100 827 155 877 360
175 808 227 870 sed
249 826 377 888 percos
401 811 530 870 animum
554 816 587 870 ut
609 809 723 870 foribus
747 817 879 889 spectare
902 810 1041 892 reclusis,

174 896 337 977 difficilest,
360 904 461 958 contra
485 916 552 960 oum
575 916 680 958 sensus
703 899 781 958 dicat
804 917 919 979 eorum;

175 1003 281 1046 sensus
304 987 383 1045 enim
405 986 497 1046 trahit
518 993 606 1065 atque
628 989 708 1047 acies
731 987 862 1047 detrudit
884 987 920 1048 ad
943 989 1023 1066 ipsas

599 1093 617 1132 e

174 1161 286 1239 fulgida
308 1162 483 1239 praesertim
507 1180 574 1222 cum
597 1180 719 1223 cernere
743 1180 830 1241 saepe
853 1165 1024 1243 nequimuS,
1096 1203 1098 1210 ,

174 1249 287 1310 lumina
309 1247 469 1308 luminibus
494 1251 562 1327 quia
584 1249 670 1309 nohis
692 1249 931 1328 praepediuntur.

103 1336 254 1416 estquod
281 1335 394 1397 foribus
423 1355 482 1396 non
505 1338 551 1397 tit:
578 1355 674 1416 neque
697 1340 778 1398 enim
800 1357 857 1416 qua
879 1340 1028 1399 cernimus
1050 1340 1109 1417 ipsi

175 1427 251 1485 ostia
274 1426 438 1503 suscipiunt
460 1424 552 1485 ullum
575 1425 689 1486 reclusa
711 1424 850 1486 laborem.

174 1520 327 1592 praeterea
350 1515 376 1572 si
398 1530 452 1591 pro
475 1512 588 1573 foribus
612 1520 681 1574 sunt
702 1513 814 1574 lumina
836 1519 948 1594 nostra,

175 1604 234 1660 iam
256 1601 349 1679 magis
373 1602 516 1680 exemptis
538 1600 633 1662 oculis
655 1601 763 1662 dehere
786 1601 902 1662 videtur

176 1706 298 1749 cernere
321 1707 370 1749 res
393 1691 507 1750 animus
531 1688 653 1750 sublatis
675 1690 810 1768 postibus
832 1692 914 1769 ipsis.

105 1792 157 1841 ato
219 1775 294 1836 illud
316 1778 348 1836 in
370 1777 417 1836 his
440 1776 529 1838 rebus
552 1796 737 1857 nequaquam
759 1796 876 1838 sumere
898 1779 1010 1858 possis,

176 1863 337 1924 Democriti
365 1865 443 1942 quod
474 1871 574 1925 sancta
595 1868 652 1926 viri
674 1869 819 1927 sententia
842 1868 938 1946 ponit,

176 1954 309 2032 corporis
332 1958 419 2030 atque
442 1955 533 2013 animi
554 1954 728 2034 primordia,
752 1953 865 2032 singula
887 1956 979 2033 privis

177 2040 321 2121 adposita,
344 2039 465 2100 alternis
488 2042 614 2121 variare,
637 2059 670 2101 ac
693 2049 812 2102 nectere
835 2041 975 2101 membra.

176 2146 246 2188 nam
267 2145 335 2188 cum
356 2128 447 2188 multo
471 2136 540 2188 sunt
561 2131 676 2188 animae
700 2129 844 2190 elementa
865 2131 981 2189 minora

106 2229 159 2282 att
178 2234 265 2294 quam
289 2216 395 2294 quibus
418 2235 434 2275 e
457 2233 565 2294 corpus
588 2215 674 2276 nohis
697 2224 727 2277 et
748 2218 861 2276 viscera
884 2222 1031 2295 constant,

178 2310 241 2364 tum
263 2321 385 2364 numero
410 2322 526 2383 quoque
550 2304 716 2364 concedunt
737 2310 767 2364 et
790 2321 855 2363 rara
877 2321 931 2382 per
954 2309 1035 2363 artus

178 2391 281 2451 dissita
305 2399 373 2452 sunt
395 2392 558 2472 dumtaxat3
580 2398 614 2452 ut
635 2391 692 2451 hoo
713 2393 886 2470 promittere
908 2393 1020 2474 possis,

178 2479 316 2558 quantula
337 2481 433 2559 prima
456 2486 564 2559 queant
587 2479 672 2540 nobis
695 2481 802 2540 iniecta
825 2480 904 2540 ciere

177 2585 300 2646 corpora
323 2568 483 2628 sensiferos
504 2575 602 2628 motus
626 2570 658 2629 in
680 2585 817 2648 corpore,
838 2574 919 2629 tanta

105 2670 159 2720 380
177 2655 328 2715 intervalla
350 2663 453 2716 tenere
476 2656 596 2716 exordia
618 2658 700 2735 priva
723 2657 838 2716 animai.

177 2761 245 2802 nam
267 2761 363 2822 neque
385 2742 515 2823 pulveris
537 2744 687 2805 interdum
711 2746 854 2805 sentimus
877 2744 1037 2806 adhaesum

178 2849 301 2909 corpore
323 2849 378 2892 nec
400 2832 541 2893 memhris
564 2835 713 2894 incussam
737 2831 834 2894 sidere
857 2839 981 2914 cretam,

177 2936 233 2979 neo
255 2918 392 2981 nebulam
413 2927 504 2981 noctu
525 2939 621 3000 neque
644 2923 727 2983 arani
749 2923 846 2983 tenvia
869 2919 917 2981 fila

178 3006 262 3066 obvia
285 3011 441 3088 sentimus,
464 3008 580 3086 quando
604 3009 766 3070 obretimur
789 3015 906 3088 eunteS‚

104 3107 233 3160 asenec
256 3113 362 3173 supera
385 3102 473 3174 caput
496 3096 629 3157 eiusdem
652 3097 794 3156 cecidisse
817 3099 924 3155 vietam

177 3188 301 3262 vestem,
324 3202 379 3244 nec
401 3183 516 3263 plumas
539 3185 636 3244 avium
658 3201 828 3262 papposque
850 3181 987 3262 volantis,

178 3271 230 3349 qui
252 3272 344 3331 nimia
366 3270 483 3333 levitate
508 3271 615 3332 cadunt
636 3270 810 3349 plerumque
834 3272 987 3350 gravatim,

176 3376 232 3418 nec
254 3361 386 3438 repentis
408 3362 483 3420 itum
506 3361 764 3437 cuiusvisoumque
787 3359 944 3418 animantis

176 3447 333 3528 sentimus,
356 3465 412 3508 nec
434 3450 516 3526 priva
538 3446 647 3527 pedum
669 3447 793 3524 vestigia
817 3465 963 3525 quaeque,

104 3550 156 3600 390
175 3552 299 3613 corpore
324 3555 398 3614 quae
421 3538 453 3596 in
475 3543 576 3596 nostro
601 3534 711 3596 culices
735 3540 766 3594 et
788 3541 885 3595 cetera
907 3540 1029 3613 ponunt
