2512 3874
137 223 201 288 136
625 223 652 276 V

135 386 188 437 101
207 368 373 448 exemplum
396 386 484 447 porro
508 368 666 446 gignundis
689 367 779 430 rebus
802 371 919 447 etipsa

206 460 327 518 notities
350 457 425 517 divis
447 455 601 517 bominum
624 457 731 518 undest
753 459 842 540 insita
865 459 1007 538 primum,

207 545 278 625 quid
301 544 409 605 vellent
431 544 528 604 lacere
551 552 585 605 ut
608 547 720 605 seirent
741 548 898 623 animoque
921 546 1067 624 viderent,

208 651 301 713 quove
324 631 441 710 modost
462 650 602 712 umquam
625 635 669 692 vis
692 635 808 711 cognita
830 635 1057 714 principiorum,

138 737 188 788 1‘15
208 721 337 800 quidque
360 723 438 780 inter
461 737 526 781 sese
550 728 716 799 permutato
741 721 844 782 ordine
867 728 1002 800 possent,
1102 741 1148 782 nes

136 827 192 876 186
208 812 234 869 si
256 827 316 869 non
338 811 402 887 ipsa
425 807 506 868 dedit
529 811 680 887 specimen
703 815 808 869 natura
830 806 972 869 creandi?

208 915 334 974 namque
358 897 398 956 ita
421 895 513 956 multa
535 895 630 956 modis
654 896 755 957 multis
777 896 940 975 primordia
961 914 1061 958 rerum

209 1004 244 1046 ex
268 985 383 1044 infinito
406 985 465 1044 iam
486 991 620 1063 tempore
642 986 757 1062 percita
778 984 873 1063 plagis

208 1071 448 1152 ponderibusque
471 1074 533 1132 suis
556 1087 739 1133 consuerunt
760 1075 875 1133 concita
898 1072 970 1132 ferri

140 1177 190 1226 180
210 1160 445 1238 omnimodisque
468 1162 549 1220 eoire
571 1167 660 1239 atque
683 1162 780 1221 omnia
802 1167 1015 1240 pertemptare,
1105 1182 1150 1221 reo

140 1265 193 1316 191
210 1266 412 1328 quaecumque
436 1250 514 1308 inter
537 1266 569 1308 se
592 1256 715 1327 possent
737 1266 896 1326 congressa
919 1266 1032 1328 creare,

210 1344 326 1398 utnon
349 1338 388 1397 sit
409 1338 533 1416 mirum,
556 1338 582 1396 si
603 1338 635 1396 in
658 1336 724 1396 talis
747 1335 943 1415 disposituras

210 1425 385 1485 deciderunt
408 1442 524 1503 quoque
548 1425 631 1485 etin
654 1423 721 1484 talis
744 1443 852 1485 venere
875 1430 1003 1502 meatus,

211 1513 346 1592 qualibus
368 1512 441 1573 haee
464 1530 565 1572 rerum
587 1514 701 1591 geritur
723 1530 803 1573 nune
827 1530 941 1573 summa
963 1511 1106 1572 novando.

142 1617 192 1666 185
254 1600 338 1672 Quod
356 1598 386 1662 si
403 1603 462 1661 iam
479 1617 581 1661 rerum
601 1603 736 1678 ignorem
753 1600 916 1679 primordia
931 1617 1004 1678 quae
1020 1601 1091 1680 siut,
1109 1623 1150 1662 ros

139 1705 194 1754 196
210 1688 267 1748 boe
289 1695 388 1748 tamen
411 1706 447 1746 er
469 1690 544 1765 ipsis
567 1687 641 1748 eaeli
663 1687 827 1748 rationibus
851 1689 947 1748 ausim

212 1775 386 1836 confirmare
409 1774 533 1852 aliisque
557 1793 593 1835 ex
617 1775 706 1836 rebus
730 1776 855 1836 reddere
878 1775 991 1855 multis,
1099 1769 1102 1776 ’

211 1880 396 1941 nequaquam
418 1861 504 1922 nobis
527 1862 668 1923 divinitus
692 1881 758 1924 esse
780 1870 913 1942 paratam

211 1957 347 2011 naturam
369 1968 483 2010 rerum:
505 1957 585 2011 tanta
608 1957 665 2011 stat
687 1950 820 2030 praedita
843 1950 936 2030 eulpa

42 2029 48 2044 ’
143 2058 193 2106 100
211 2040 358 2118 principio
382 2045 524 2116 quantum
547 2038 621 2098 oaeli
642 2041 717 2117 tegit
739 2041 867 2118 impetus
890 2041 1009 2118 ingens,
1111 2061 1153 2102 ano
1244 2103 1245 2124 ,

141 2127 281 2195 201iude
305 2127 387 2188 avide
410 2133 525 2205 partem
548 2134 664 2187 montes
688 2126 836 2206 silvaeque
860 2127 990 2188 ferarum
1244 2132 1245 2158 ¹

211 2215 385 2296 possedere,
409 2222 511 2276 tenent
534 2233 623 2293 mpes
647 2221 804 2293 vastaeque
827 2214 950 2294 paludes

212 2311 242 2364 et
264 2321 359 2384 mare,
382 2303 460 2382 quod
483 2302 541 2362 late
564 2309 711 2363 terrarum
734 2303 857 2363 distinet
879 2320 954 2363 oras.

212 2391 281 2452 inde
304 2391 376 2452 duas
399 2409 489 2470 porro
511 2408 604 2469 prope
626 2391 720 2468 partis
743 2389 873 2450 fervidus
900 2390 987 2450 ardor

143 2498 193 2546 leo
212 2479 411 2558 adsiduusque
435 2478 493 2558 geli
515 2497 601 2540 nasus
624 2477 798 2539 mortalibus
821 2479 924 2539 aulert.
1111 2501 1156 2540 nos

141 2567 290 2645 206quod
314 2574 451 2645 superest
472 2569 547 2646 arvi,
570 2574 670 2627 tamen
692 2566 721 2626 id
744 2572 850 2627 natura
873 2585 925 2627 sua
949 2567 977 2626 ri

212 2652 345 2714 sentibus
369 2653 508 2734 obducat,
531 2656 563 2714 ni
585 2656 630 2712 vis
652 2654 780 2714 humana
802 2657 922 2714 resistat

211 2743 282 2802 vitai
305 2759 392 2801 eausa
414 2740 509 2802 valido
533 2747 674 2801 consueta
696 2740 811 2802 bidenti

211 2833 362 2909 ingemere
386 2835 416 2890 et
438 2836 549 2890 terram
572 2830 684 2908 pressis
708 2829 899 2907 proscindere
922 2830 1037 2889 aratris.

636 2935 654 2975 s

140 3024 192 3074 200
211 2912 238 3067 b
260 3024 320 3066 non
342 3004 482 3067 fecundas
505 3011 655 3065 vertentes
677 3021 796 3065 vomere
820 3002 920 3082 glebas

140 3111 195 3170 211
210 3097 359 3172 terraique
383 3093 478 3155 solum
502 3092 673 3170 subigentes
697 3095 792 3153 cimus
816 3092 851 3151 ad
875 3099 971 3172 ortus,

211 3189 316 3261 sponte
340 3200 393 3242 sua
416 3186 565 3259 nequeant
586 3179 715 3257 liquidas
738 3182 866 3240 existere
889 3181 920 3239 in
940 3177 1062 3260 auresfl

212 3277 241 3330 et
263 3276 362 3329 tamen
385 3269 534 3329 interdum
557 3285 664 3346 magno
688 3269 821 3346 quaesita
844 3266 944 3327 labore

212 3374 279 3417 cum
302 3359 361 3415 iam
383 3375 437 3435 per
459 3364 554 3417 terras
577 3355 716 3416 frendent
738 3362 826 3433 atque
851 3357 948 3416 omnia
971 3354 1093 3437 llorent,

141 3461 192 3511 105
212 3451 262 3505 aut
284 3445 384 3503 nimiis
407 3451 502 3505 torret
524 3443 690 3504 fervoribus
714 3443 863 3504 aetherius
887 3442 931 3503 sol

140 3549 197 3600 216
210 3539 261 3593 aut
283 3530 375 3592 subiti
396 3539 553 3608 peremunt
576 3531 681 3592 imbris
705 3530 878 3610 gelidaeque
901 3534 1039 3613 pruinae,

81 3802 219 3860 A
