2512 3874
612 260 639 314 V
1064 258 1127 323 139

118 425 172 474 280
192 410 235 468 sic
257 409 349 485 igitur
372 406 464 467 solem
487 406 587 466 lunam
610 405 769 484 stellasque
791 406 984 484 putandumst

193 515 230 556 ox
254 495 310 555 alio
334 502 421 572 atque
445 494 501 554 alio
525 494 621 554 lucem
644 495 752 554 iactare
776 493 899 554 subortu

192 590 223 644 ot
244 585 374 662 primum
398 581 539 661 quicquid
562 582 747 641 flammarum
770 582 895 660 perdere
919 597 1049 662 semper,

119 687 175 740 305
189 670 369 731 inviolabilia
391 671 464 731 haec
486 688 524 730 ne
548 669 652 730 credas
675 669 750 729 forte
773 671 881 748 vigere.
1089 691 1129 732 eos

237 758 322 829 Quod
345 764 489 838 superest,
511 775 614 818 umore
638 775 713 817 novo
736 775 818 817 mare
840 757 962 818 flumina
980 757 1076 817 fontes
1090 779 1128 819 ror

119 863 173 913 286
192 865 311 926 semper
335 845 484 907 abundare
508 851 538 905 et
559 845 661 905 latices
683 863 803 905 manare
825 847 966 924 perennis

191 935 234 995 nil
258 953 331 1014 opus
355 940 401 994 est
423 932 535 994 vorbis:
558 951 681 1011 magnus
705 933 847 993 decursus
870 951 1013 1012 aquarum

191 1023 323 1102 undique
348 1021 484 1082 declarat.
522 1020 574 1080 sed
595 1023 725 1100 primum
748 1021 889 1100 quicquid
913 1024 999 1100 aquai

119 1127 178 1180 265
188 1110 317 1191 tollitur,
340 1112 372 1170 in
395 1127 567 1188 summaque
590 1109 623 1168 fit
645 1115 679 1169 ut
700 1108 744 1169 nil
766 1126 852 1168 umor
875 1107 1017 1190 aqundet,
1089 1131 1128 1172 scs

192 1201 300 1278 partim
324 1197 402 1277 quod
425 1196 514 1257 validi
535 1203 689 1258 verrentes
712 1214 840 1274 aequora
861 1199 942 1256 venti

119 1302 174 1352 290
194 1287 362 1347 diminuunt
383 1285 534 1364 radiisque
558 1291 696 1344 retexens
719 1285 868 1344 aetherius
892 1284 949 1364 sol,

191 1377 300 1455 partim
324 1373 402 1453 quod
426 1380 529 1453 supter
550 1391 605 1452 per
626 1378 721 1432 terras
745 1371 857 1432 diditur
880 1374 988 1432 omnis:

192 1462 361 1542 percolatur
384 1464 463 1521 enim
486 1463 581 1540 virus,
604 1468 743 1537 retroque
767 1466 900 1519 remanat

118 1553 330 1618 270materies
353 1552 465 1610 umoris
490 1555 520 1608 et
542 1548 578 1607 ad
602 1553 689 1625 caput
711 1547 846 1607 amnibus
871 1549 966 1608 omnis
1089 1571 1129 1611 aro

193 1640 342 1719 convenit,
366 1637 435 1697 inde
459 1654 549 1715 super
572 1644 667 1695 terras
690 1634 756 1695 duit
779 1637 894 1713 agmine
918 1634 998 1696 dulci

119 1743 173 1792 295
193 1746 250 1807 qua
273 1729 320 1786 via
343 1731 423 1785 secta
447 1724 538 1785 semel
561 1723 673 1802 liquido
695 1723 770 1802 pede
794 1722 899 1784 detulit
920 1723 1023 1784 undas.
1089 1747 1128 1786 aaa

118 1830 177 1880 300
235 1815 367 1893 Denique
385 1831 445 1873 non
463 1812 576 1891 lapides
595 1830 711 1891 quoque
730 1813 809 1872 vinci
827 1813 925 1872 cernis
944 1810 980 1871 ab
995 1829 1075 1893 aevo,
1089 1834 1129 1875 coo

193 1920 253 1963 non
276 1901 348 1966 altas
370 1902 463 1961 turris
486 1918 573 1961 ruere
597 1906 627 1960 et
649 1906 822 1977 putrescere
846 1918 928 1980 saxa,

192 2008 252 2051 non
276 1988 398 2050 delubra
421 1988 509 2049 deum
533 1987 748 2066 simulacraque
771 1987 848 2048 fessa
871 1988 980 2069 fatisci,

193 2097 249 2139 nec
273 2085 407 2138 sanctum
429 2093 541 2137 numen
563 2075 616 2135 tati
638 2074 798 2154 protollere
820 2075 888 2134 finis

121 2181 175 2230 300
193 2184 282 2246 posse
305 2183 401 2243 neque
426 2164 566 2224 adversus
588 2168 710 2222 naturae
733 2161 853 2221 foedera
874 2158 952 2223 niti?
1090 2185 1129 2225 ero

120 2268 176 2318 311
193 2254 320 2331 denique
344 2271 404 2312 non
426 2254 607 2311 monimenta
629 2253 726 2309 virum
749 2249 861 2328 dilapsa
883 2247 1039 2312 videmus?

195 2359 338 2421 quaerere
360 2337 533 2420 †pr0porro
557 2336 615 2397 sibi
636 2333 791 2416 †cumque
815 2355 972 2398 senescere
997 2337 1108 2398 credas.

194 2448 254 2490 non
277 2445 364 2488 ruere
389 2426 502 2487 avolsos
526 2425 625 2485 silices
647 2443 665 2484 a
687 2423 837 2484 montibus
860 2424 926 2484 altis

195 2537 251 2578 nec
272 2516 383 2576 validas
407 2516 472 2575 aevi
494 2515 572 2573 vires
594 2512 729 2591 perferre
751 2513 871 2591 patique

122 2617 176 2666 ³05
194 2601 292 2666 finiti?
327 2621 424 2682 00000
449 2605 528 2663 enim
551 2600 690 2662 caderent
713 2599 810 2660 avolsa
833 2607 968 2682 repente,
1091 2620 1130 2662 ars

122 2706 179 2758 316
195 2713 232 2755 ex
255 2694 370 2753 infinito
394 2709 469 2769 quae
492 2696 625 2767 tempore
648 2688 880 2768 pertolerassent

195 2783 293 2842 omnia
316 2786 462 2840 tormenta
486 2779 602 2857 aetatis,
624 2779 739 2855 privata
761 2776 885 2854 fragore.

239 2869 372 2946 lienique
386 2869 445 2926 iam
459 2871 542 2926 tuere
556 2865 623 2945 hoc,
637 2866 750 2925 circum
765 2882 912 2941 supraque
925 2861 1004 2941 quod
1015 2879 1130 2921 omnem

194 2958 327 3019 continet
350 2954 486 3033 amplexu
508 2949 639 3013 terram!
656 2955 683 3012 si
705 2957 842 3031 procreat
865 2969 901 3011 ex
925 2968 957 3010 se

123 3065 175 3114 310
195 3047 302 3125 omnia,
322 3041 400 3122 quod
415 3040 535 3121 quidam
548 3046 722 3120 memorant,
738 3041 903 3117 recipitque
917 3043 1078 3118 perempta,
1092 3060 1132 3100 aro

123 3152 180 3203 321
193 3141 289 3195 totum
312 3132 410 3191 nativo
434 3148 468 3190 ac
490 3128 608 3188 mortali
631 3144 754 3206 corpore
778 3133 899 3186 constat.

194 3240 263 3283 nam
287 3219 495 3298 quodcumque
519 3215 590 3276 alias
613 3233 649 3274 ex
673 3232 705 3274 se
727 3231 777 3274 res
800 3220 887 3291 auget
910 3211 1033 3293 alitque,

195 3310 329 3371 deminui
352 3305 453 3386 debet,
475 3304 619 3383 recreari,
643 3320 710 3363 cum
732 3301 839 3379 recipit
861 3318 920 3360 res.

239 3397 395 3458 Praeterea
419 3396 445 3454 si
467 3391 547 3453 nulla
570 3391 626 3450 luit
649 3388 783 3468 genitalis
807 3390 889 3466 origo

123 3494 343 3552 creterrarum
367 3491 397 3544 et
420 3480 494 3543 caeli
517 3496 693 3558 semperque
717 3483 835 3537 aeterna
859 3476 956 3556 luere,
1093 3497 1132 3538 aas

123 3591 179 3642 326
194 3593 247 3636 cur
271 3591 377 3653 supera
399 3570 511 3632 bellum
533 3565 706 3628 Thebanum
728 3573 758 3626 et
780 3565 883 3626 funera
906 3564 1010 3624 Troiae
