<?xml version="1.0" encoding="UTF-8"?>
<!DOCTYPE html PUBLIC "-//W3C//DTD XHTML 1.0 Transitional//EN"
    "http://www.w3.org/TR/xhtml1/DTD/xhtml1-transitional.dtd">
<html xmlns="http://www.w3.org/1999/xhtml" xml:lang="en" lang="en">
 <head>
  <title>
</title>
<meta http-equiv="Content-Type" content="text/html;charset=utf-8" />
  <meta name='ocr-system' content='tesseract 3.04.00' />
  <meta name='ocr-capabilities' content='ocr_page ocr_carea ocr_par ocr_line ocrx_word'/>
</head>
<body>
  <div class='ocr_page' id='page_1' title='image "./tlucreticarider20carugoog_0283.png"; bbox 0 0 2512 3874; ppageno 0'>
   <div class='ocr_carea' id='block_1_1' title="bbox 130 229 654 295">
    <p class='ocr_par' dir='ltr' id='par_1_1' title="bbox 130 229 654 295">
     <span class='ocr_line' id='line_1_1' title="bbox 130 229 654 295; baseline -0.002 -1"><span class='ocrx_word' id='word_1_1' title='bbox 130 231 194 295; x_wconf 91' lang='grc'><strong>194</strong></span> <span class='ocrx_word' id='word_1_2' title='bbox 614 229 654 284; x_wconf 88' lang='lat' dir='ltr'><strong>VI</strong></span> 
     </span>
    </p>
   </div>
   <div class='ocr_carea' id='block_1_2' title="bbox 128 375 1007 634">
    <p class='ocr_par' dir='ltr' id='par_1_2' title="bbox 128 375 1007 634">
     <span class='ocr_line' id='line_1_2' title="bbox 128 375 1007 457; baseline -0.007 -13"><span class='ocrx_word' id='word_1_3' title='bbox 128 394 180 444; x_wconf 81' lang='lat'><strong>825</strong></span> <span class='ocrx_word' id='word_1_4' title='bbox 199 377 350 457; x_wconf 84' lang='lat' dir='ltr'><strong>discutiat,</strong></span> <span class='ocrx_word' id='word_1_5' title='bbox 372 395 465 456; x_wconf 89' lang='lat' dir='ltr'><strong>prope</strong></span> <span class='ocrx_word' id='word_1_6' title='bbox 487 378 532 436; x_wconf 91' lang='lat' dir='ltr'><strong>uti</strong></span> <span class='ocrx_word' id='word_1_7' title='bbox 554 375 636 436; x_wconf 86' lang='lat' dir='ltr'><strong>locus</strong></span> <span class='ocrx_word' id='word_1_8' title='bbox 659 376 707 436; x_wconf 90' lang='lat' dir='ltr'><strong>hic</strong></span> <span class='ocrx_word' id='word_1_9' title='bbox 730 375 880 455; x_wconf 80' lang='lat' dir='ltr'><strong>linquatur</strong></span> <span class='ocrx_word' id='word_1_10' title='bbox 902 379 1007 438; x_wconf 92' lang='lat' dir='ltr'><strong>inanis.</strong></span> 
     </span>
     <span class='ocr_line' id='line_1_3' title="bbox 199 463 919 545; baseline -0.001 -19"><span class='ocrx_word' id='word_1_11' title='bbox 199 467 284 526; x_wconf 87' lang='lat' dir='ltr'><strong>cuius</strong></span> <span class='ocrx_word' id='word_1_12' title='bbox 306 465 358 525; x_wconf 92' lang='lat' dir='ltr'><strong>ubi</strong></span> <span class='ocrx_word' id='word_1_13' title='bbox 381 483 397 525; x_wconf 89' lang='lat' dir='ltr'><strong>e</strong></span> <span class='ocrx_word' id='word_1_14' title='bbox 419 466 539 542; x_wconf 81' lang='lat' dir='ltr'><strong>regione</strong></span> <span class='ocrx_word' id='word_1_15' title='bbox 565 463 623 524; x_wconf 90' lang='lat' dir='ltr'><strong>loci</strong></span> <span class='ocrx_word' id='word_1_16' title='bbox 644 482 752 525; x_wconf 88' lang='lat' dir='ltr'><strong>venere</strong></span> <span class='ocrx_word' id='word_1_17' title='bbox 775 464 919 545; x_wconf 84' lang='lat' dir='ltr'><strong>volantes,</strong></span> 
     </span>
     <span class='ocr_line' id='line_1_4' title="bbox 200 551 930 634; baseline -0.001 -21"><span class='ocrx_word' id='word_1_18' title='bbox 200 552 344 614; x_wconf 78' lang='lat' dir='ltr'><strong>claudicat</strong></span> <span class='ocrx_word' id='word_1_19' title='bbox 367 551 512 631; x_wconf 88' lang='lat' dir='ltr'><strong>extemplo</strong></span> <span class='ocrx_word' id='word_1_20' title='bbox 534 554 692 631; x_wconf 88' lang='lat' dir='ltr'><strong>pinnarum</strong></span> <span class='ocrx_word' id='word_1_21' title='bbox 714 555 797 613; x_wconf 91' lang='lat' dir='ltr'><strong>nisus</strong></span> <span class='ocrx_word' id='word_1_22' title='bbox 820 554 930 634; x_wconf 85' lang='lat' dir='ltr'><strong>inanis,</strong></span> 
     </span>
    </p>
   </div>
   <div class='ocr_carea' id='block_1_3' title="bbox 128 639 1241 734">
    <p class='ocr_par' dir='ltr' id='par_1_3' title="bbox 128 639 1241 734">
     <span class='ocr_line' id='line_1_5' title="bbox 128 639 1241 734; baseline 0.006 -34"><span class='ocrx_word' id='word_1_23' title='bbox 128 647 185 700; x_wconf 82' lang='grc'><strong>835</strong></span> <span class='ocrx_word' id='word_1_24' title='bbox 199 648 229 702; x_wconf 92' lang='lat' dir='ltr'><strong>et</strong></span> <span class='ocrx_word' id='word_1_25' title='bbox 251 659 394 702; x_wconf 82' lang='lat' dir='ltr'><strong>conamen</strong></span> <span class='ocrx_word' id='word_1_26' title='bbox 416 643 565 719; x_wconf 82' lang='lat' dir='ltr'><strong>utrimque</strong></span> <span class='ocrx_word' id='word_1_27' title='bbox 588 639 699 700; x_wconf 90' lang='lat' dir='ltr'><strong>alarum</strong></span> <span class='ocrx_word' id='word_1_28' title='bbox 721 639 857 719; x_wconf 84' lang='lat' dir='ltr'><strong>proditur</strong></span> <span class='ocrx_word' id='word_1_29' title='bbox 880 659 975 701; x_wconf 86' lang='lat' dir='ltr'><strong>omne.</strong></span> <span class='ocrx_word' id='word_1_30' title='bbox 1093 663 1135 706; x_wconf 83' lang='lat' dir='ltr'><strong>aas</strong></span> <span class='ocrx_word' id='word_1_31' title='bbox 1240 691 1241 734; x_wconf 67' lang='lat'>;</span> 
     </span>
    </p>
   </div>
   <div class='ocr_carea' id='block_1_4' title="bbox 128 728 1136 2479">
    <p class='ocr_par' dir='ltr' id='par_1_4' title="bbox 199 728 921 810">
     <span class='ocr_line' id='line_1_6' title="bbox 199 728 921 810; baseline 0 -21"><span class='ocrx_word' id='word_1_32' title='bbox 199 730 248 789; x_wconf 90' lang='lat' dir='ltr'><strong>hic</strong></span> <span class='ocrx_word' id='word_1_33' title='bbox 269 729 322 790; x_wconf 91' lang='lat' dir='ltr'><strong>ubi</strong></span> <span class='ocrx_word' id='word_1_34' title='bbox 343 730 440 789; x_wconf 84' lang='lat' dir='ltr'><strong>nixari</strong></span> <span class='ocrx_word' id='word_1_35' title='bbox 462 735 613 807; x_wconf 89' lang='lat' dir='ltr'><strong>nequeunt</strong></span> <span class='ocrx_word' id='word_1_36' title='bbox 634 731 830 806; x_wconf 83' lang='lat' dir='ltr'><strong>insistereque</strong></span> <span class='ocrx_word' id='word_1_37' title='bbox 853 728 921 810; x_wconf 84' lang='lat' dir='ltr'><strong>alis,</strong></span> 
     </span>
    </p>

    <p class='ocr_par' dir='ltr' id='par_1_5' title="bbox 129 816 1047 1071">
     <span class='ocr_line' id='line_1_7' title="bbox 129 816 885 897; baseline -0.008 -15"><span class='ocrx_word' id='word_1_38' title='bbox 129 833 182 883; x_wconf 81' lang='lat'><strong>830</strong></span> <span class='ocrx_word' id='word_1_39' title='bbox 200 816 326 897; x_wconf 81' lang='lat' dir='ltr'><strong>scilicet,</strong></span> <span class='ocrx_word' id='word_1_40' title='bbox 349 819 381 876; x_wconf 92' lang='lat' dir='ltr'><strong>in</strong></span> <span class='ocrx_word' id='word_1_41' title='bbox 403 824 518 876; x_wconf 91' lang='lat' dir='ltr'><strong>terram.</strong></span> <span class='ocrx_word' id='word_1_42' title='bbox 535 816 632 876; x_wconf 89' lang='lat' dir='ltr'><strong>delabi</strong></span> <span class='ocrx_word' id='word_1_43' title='bbox 653 817 784 894; x_wconf 91' lang='lat' dir='ltr'><strong>pondere</strong></span> <span class='ocrx_word' id='word_1_44' title='bbox 807 819 885 895; x_wconf 85' lang='lat' dir='ltr'><strong>cogit</strong></span> 
     </span>
     <span class='ocr_line' id='line_1_8' title="bbox 200 906 1047 984; baseline 0 -20"><span class='ocrx_word' id='word_1_45' title='bbox 200 912 317 984; x_wconf 77' lang='lat' dir='ltr'><strong>natura,</strong></span> <span class='ocrx_word' id='word_1_46' title='bbox 340 911 370 964; x_wconf 91' lang='lat' dir='ltr'><strong>et</strong></span> <span class='ocrx_word' id='word_1_47' title='bbox 390 922 515 964; x_wconf 81' lang='lat' dir='ltr'><strong>vacuum</strong></span> <span class='ocrx_word' id='word_1_48' title='bbox 536 922 629 983; x_wconf 90' lang='lat' dir='ltr'><strong>prope</strong></span> <span class='ocrx_word' id='word_1_49' title='bbox 651 906 709 965; x_wconf 93' lang='lat' dir='ltr'><strong>iam</strong></span> <span class='ocrx_word' id='word_1_50' title='bbox 731 906 894 983; x_wconf 89' lang='lat' dir='ltr'><strong>perinane</strong></span> <span class='ocrx_word' id='word_1_51' title='bbox 916 906 1047 965; x_wconf 84' lang='lat' dir='ltr'><strong>iacentes</strong></span> 
     </span>
     <span class='ocr_line' id='line_1_9' title="bbox 200 990 986 1071; baseline 0 -19"><span class='ocrx_word' id='word_1_52' title='bbox 200 993 373 1071; x_wconf 84' lang='lat' dir='ltr'><strong>dispergunt</strong></span> <span class='ocrx_word' id='word_1_53' title='bbox 396 994 507 1052; x_wconf 88' lang='lat' dir='ltr'><strong>animas</strong></span> <span class='ocrx_word' id='word_1_54' title='bbox 529 1011 584 1071; x_wconf 90' lang='lat' dir='ltr'><strong>per</strong></span> <span class='ocrx_word' id='word_1_55' title='bbox 605 990 703 1052; x_wconf 86' lang='lat' dir='ltr'><strong>caulas</strong></span> <span class='ocrx_word' id='word_1_56' title='bbox 726 995 859 1071; x_wconf 87' lang='lat' dir='ltr'><strong>corporis</strong></span> <span class='ocrx_word' id='word_1_57' title='bbox 882 994 986 1052; x_wconf 87' lang='lat' dir='ltr'><strong>omnis.</strong></span> 
     </span>
    </p>

    <p class='ocr_par' dir='ltr' id='par_1_6' title="bbox 497 1099 639 1144">
     <span class='ocr_line' id='line_1_10' title="bbox 497 1099 639 1144; baseline 0 -6"><span class='ocrx_word' id='word_1_58' title='bbox 497 1129 503 1144; x_wconf 88' lang='lat'><em>.</em></span> <span class='ocrx_word' id='word_1_59' title='bbox 622 1099 639 1138; x_wconf 69' lang='lat' dir='ltr'><strong>a</strong></span> 
     </span>
    </p>

    <p class='ocr_par' dir='ltr' id='par_1_7' title="bbox 129 1162 1135 1336">
     <span class='ocr_line' id='line_1_11' title="bbox 129 1162 1135 1252; baseline 0.003 -24"><span class='ocrx_word' id='word_1_60' title='bbox 129 1162 208 1252; x_wconf 71' lang='lat' dir='ltr'><strong>&amp;toll</strong></span> <span class='ocrx_word' id='word_1_61' title='bbox 221 1168 357 1246; x_wconf 85' lang='lat' dir='ltr'><strong>frigidior</strong></span> <span class='ocrx_word' id='word_1_62' title='bbox 378 1186 467 1248; x_wconf 94' lang='lat' dir='ltr'><strong>porro</strong></span> <span class='ocrx_word' id='word_1_63' title='bbox 490 1169 522 1228; x_wconf 92' lang='lat' dir='ltr'><strong>in</strong></span> <span class='ocrx_word' id='word_1_64' title='bbox 544 1170 641 1247; x_wconf 88' lang='lat' dir='ltr'><strong>puteis</strong></span> <span class='ocrx_word' id='word_1_65' title='bbox 665 1174 774 1229; x_wconf 86' lang='lat' dir='ltr'><strong>aestate</strong></span> <span class='ocrx_word' id='word_1_66' title='bbox 797 1168 830 1228; x_wconf 87' lang='lat' dir='ltr'><strong>tit</strong></span> <span class='ocrx_word' id='word_1_67' title='bbox 852 1186 950 1247; x_wconf 87' lang='lat' dir='ltr'><strong>umor,</strong></span> <span class='ocrx_word' id='word_1_68' title='bbox 1093 1191 1135 1231; x_wconf 72' lang='lat' dir='ltr'><strong>ato</strong></span> 
     </span>
     <span class='ocr_line' id='line_1_12' title="bbox 201 1255 981 1336; baseline -0.003 -20"><span class='ocrx_word' id='word_1_69' title='bbox 201 1259 324 1316; x_wconf 85' lang='lat' dir='ltr'><strong>rarescit</strong></span> <span class='ocrx_word' id='word_1_70' title='bbox 347 1258 415 1335; x_wconf 94' lang='lat' dir='ltr'><strong>quia</strong></span> <span class='ocrx_word' id='word_1_71' title='bbox 436 1262 517 1316; x_wconf 90' lang='lat' dir='ltr'><strong>terra</strong></span> <span class='ocrx_word' id='word_1_72' title='bbox 540 1255 649 1336; x_wconf 82' lang='lat' dir='ltr'><strong>calore,</strong></span> <span class='ocrx_word' id='word_1_73' title='bbox 672 1263 702 1316; x_wconf 92' lang='lat' dir='ltr'><strong>et</strong></span> <span class='ocrx_word' id='word_1_74' title='bbox 724 1257 836 1316; x_wconf 89' lang='lat' dir='ltr'><strong>semina</strong></span> <span class='ocrx_word' id='word_1_75' title='bbox 857 1258 885 1316; x_wconf 87' lang='lat' dir='ltr'><strong>si</strong></span> <span class='ocrx_word' id='word_1_76' title='bbox 907 1273 981 1333; x_wconf 91' lang='lat' dir='ltr'><strong>quaa</strong></span> 
     </span>
    </p>

    <p class='ocr_par' dir='ltr' id='par_1_8' title="bbox 131 1343 1045 1599">
     <span class='ocr_line' id='line_1_13' title="bbox 131 1343 988 1424; baseline -0.007 -14"><span class='ocrx_word' id='word_1_77' title='bbox 131 1360 182 1411; x_wconf 83' lang='lat'><strong>835</strong></span> <span class='ocrx_word' id='word_1_78' title='bbox 202 1345 277 1405; x_wconf 90' lang='lat' dir='ltr'><strong>forte</strong></span> <span class='ocrx_word' id='word_1_79' title='bbox 299 1347 416 1423; x_wconf 89' lang='lat' dir='ltr'><strong>vaporis</strong></span> <span class='ocrx_word' id='word_1_80' title='bbox 438 1344 527 1404; x_wconf 92' lang='lat' dir='ltr'><strong>habet</strong></span> <span class='ocrx_word' id='word_1_81' title='bbox 547 1346 673 1424; x_wconf 83' lang='lat' dir='ltr'><strong>proprii,</strong></span> <span class='ocrx_word' id='word_1_82' title='bbox 696 1343 817 1404; x_wconf 89' lang='lat' dir='ltr'><strong>dimittit</strong></span> <span class='ocrx_word' id='word_1_83' title='bbox 839 1345 871 1403; x_wconf 94' lang='lat' dir='ltr'><strong>in</strong></span> <span class='ocrx_word' id='word_1_84' title='bbox 893 1361 988 1404; x_wconf 88' lang='lat' dir='ltr'><strong>auras.</strong></span> 
     </span>
     <span class='ocr_line' id='line_1_14' title="bbox 201 1430 906 1511; baseline -0.003 -19"><span class='ocrx_word' id='word_1_85' title='bbox 201 1451 259 1511; x_wconf 94' lang='lat' dir='ltr'><strong>quo</strong></span> <span class='ocrx_word' id='word_1_86' title='bbox 282 1435 375 1511; x_wconf 91' lang='lat' dir='ltr'><strong>magis</strong></span> <span class='ocrx_word' id='word_1_87' title='bbox 398 1439 444 1492; x_wconf 90' lang='lat' dir='ltr'><strong>est</strong></span> <span class='ocrx_word' id='word_1_88' title='bbox 465 1434 557 1511; x_wconf 89' lang='lat' dir='ltr'><strong>igitur</strong></span> <span class='ocrx_word' id='word_1_89' title='bbox 578 1431 666 1492; x_wconf 86' lang='lat' dir='ltr'><strong>tellus</strong></span> <span class='ocrx_word' id='word_1_90' title='bbox 689 1432 774 1492; x_wconf 87' lang='lat' dir='ltr'><strong>effeta</strong></span> <span class='ocrx_word' id='word_1_91' title='bbox 797 1430 906 1511; x_wconf 91' lang='lat' dir='ltr'><strong>calore,</strong></span> 
     </span>
     <span class='ocr_line' id='line_1_15' title="bbox 202 1519 1045 1599; baseline 0 -19"><span class='ocrx_word' id='word_1_92' title='bbox 202 1521 234 1580; x_wconf 89' lang='lat' dir='ltr'><strong>fit</strong></span> <span class='ocrx_word' id='word_1_93' title='bbox 258 1539 373 1598; x_wconf 89' lang='lat' dir='ltr'><strong>quoqne</strong></span> <span class='ocrx_word' id='word_1_94' title='bbox 397 1520 532 1598; x_wconf 82' lang='lat' dir='ltr'><strong>frigidior</strong></span> <span class='ocrx_word' id='word_1_95' title='bbox 555 1522 606 1599; x_wconf 94' lang='lat' dir='ltr'><strong>qui</strong></span> <span class='ocrx_word' id='word_1_96' title='bbox 628 1523 660 1580; x_wconf 91' lang='lat' dir='ltr'><strong>in</strong></span> <span class='ocrx_word' id='word_1_97' title='bbox 682 1526 790 1580; x_wconf 86' lang='lat' dir='ltr'><strong>terrast</strong></span> <span class='ocrx_word' id='word_1_98' title='bbox 812 1519 928 1580; x_wconf 87' lang='lat' dir='ltr'><strong>abditus</strong></span> <span class='ocrx_word' id='word_1_99' title='bbox 951 1537 1045 1580; x_wconf 90' lang='lat' dir='ltr'><strong>umor.</strong></span> 
     </span>
    </p>

    <p class='ocr_par' dir='ltr' id='par_1_9' title="bbox 131 1609 1136 1777">
     <span class='ocr_line' id='line_1_16' title="bbox 131 1609 1136 1687; baseline 0.005 -21"><span class='ocrx_word' id='word_1_100' title='bbox 131 1615 186 1667; x_wconf 77' lang='grc'><strong>845</strong></span> <span class='ocrx_word' id='word_1_101' title='bbox 201 1609 310 1687; x_wconf 90' lang='lat' dir='ltr'><strong>frigore</strong></span> <span class='ocrx_word' id='word_1_102' title='bbox 335 1626 402 1668; x_wconf 94' lang='lat' dir='ltr'><strong>cum</strong></span> <span class='ocrx_word' id='word_1_103' title='bbox 424 1611 569 1687; x_wconf 89' lang='lat' dir='ltr'><strong>premitur</strong></span> <span class='ocrx_word' id='word_1_104' title='bbox 590 1625 678 1686; x_wconf 90' lang='lat' dir='ltr'><strong>porro</strong></span> <span class='ocrx_word' id='word_1_105' title='bbox 703 1609 797 1667; x_wconf 91' lang='lat' dir='ltr'><strong>omnis</strong></span> <span class='ocrx_word' id='word_1_106' title='bbox 820 1615 899 1667; x_wconf 90' lang='lat' dir='ltr'><strong>terra</strong></span> <span class='ocrx_word' id='word_1_107' title='bbox 922 1610 1038 1686; x_wconf 90' lang='lat' dir='ltr'><strong>coitque</strong></span> <span class='ocrx_word' id='word_1_108' title='bbox 1093 1629 1136 1671; x_wconf 77' lang='lat' dir='ltr'><strong>aas</strong></span> 
     </span>
     <span class='ocr_line' id='line_1_17' title="bbox 201 1694 964 1777; baseline -0.001 -21"><span class='ocrx_word' id='word_1_109' title='bbox 201 1703 231 1756; x_wconf 90' lang='lat' dir='ltr'><strong>et</strong></span> <span class='ocrx_word' id='word_1_110' title='bbox 254 1698 338 1774; x_wconf 92' lang='lat' dir='ltr'><strong>quasi</strong></span> <span class='ocrx_word' id='word_1_111' title='bbox 361 1698 538 1777; x_wconf 85' lang='lat' dir='ltr'><strong>concrescit,</strong></span> <span class='ocrx_word' id='word_1_112' title='bbox 560 1697 606 1775; x_wconf 84' lang='lat' dir='ltr'><strong>fit,</strong></span> <span class='ocrx_word' id='word_1_113' title='bbox 629 1694 755 1774; x_wconf 88' lang='lat' dir='ltr'><strong>scilicet,</strong></span> <span class='ocrx_word' id='word_1_114' title='bbox 777 1701 811 1755; x_wconf 91' lang='lat' dir='ltr'><strong>ut</strong></span> <span class='ocrx_word' id='word_1_115' title='bbox 832 1695 964 1756; x_wconf 71' lang='lat' dir='ltr'><strong>coeundo</strong></span> 
     </span>
    </p>

    <p class='ocr_par' dir='ltr' id='par_1_10' title="bbox 131 1779 1057 1862">
     <span class='ocr_line' id='line_1_18' title="bbox 131 1779 1057 1862; baseline -0.009 -12"><span class='ocrx_word' id='word_1_116' title='bbox 131 1800 182 1850; x_wconf 82' lang='lat'><strong>840</strong></span> <span class='ocrx_word' id='word_1_117' title='bbox 201 1785 345 1861; x_wconf 85' lang='lat' dir='ltr'><strong>exprimat</strong></span> <span class='ocrx_word' id='word_1_118' title='bbox 368 1785 399 1842; x_wconf 91' lang='lat' dir='ltr'><strong>in</strong></span> <span class='ocrx_word' id='word_1_119' title='bbox 420 1789 526 1861; x_wconf 91' lang='lat' dir='ltr'><strong>puteos</strong></span> <span class='ocrx_word' id='word_1_120' title='bbox 549 1785 575 1842; x_wconf 93' lang='lat' dir='ltr'><strong>si</strong></span> <span class='ocrx_word' id='word_1_121' title='bbox 598 1801 685 1860; x_wconf 91' lang='lat' dir='ltr'><strong>quem</strong></span> <span class='ocrx_word' id='word_1_122' title='bbox 708 1785 785 1860; x_wconf 91' lang='lat' dir='ltr'><strong>gerit</strong></span> <span class='ocrx_word' id='word_1_123' title='bbox 806 1786 870 1862; x_wconf 90' lang='lat' dir='ltr'><strong>ipsa</strong></span> <span class='ocrx_word' id='word_1_124' title='bbox 892 1779 1057 1862; x_wconf 75' lang='lat' dir='ltr'><strong>caloremll</strong></span> 
     </span>
    </p>

    <p class='ocr_par' dir='ltr' id='par_1_11' title="bbox 244 1869 1036 1948">
     <span class='ocr_line' id='line_1_19' title="bbox 244 1869 1036 1948; baseline 0.001 -18"><span class='ocrx_word' id='word_1_125' title='bbox 244 1870 317 1931; x_wconf 86' lang='lat' dir='ltr'><strong>Esse</strong></span> <span class='ocrx_word' id='word_1_126' title='bbox 341 1870 418 1948; x_wconf 89' lang='lat' dir='ltr'><strong>apud</strong></span> <span class='ocrx_word' id='word_1_127' title='bbox 439 1869 610 1931; x_wconf 89' lang='lat' dir='ltr'><strong>Hammonis</strong></span> <span class='ocrx_word' id='word_1_128' title='bbox 632 1870 732 1930; x_wconf 91' lang='lat' dir='ltr'><strong>fanum</strong></span> <span class='ocrx_word' id='word_1_129' title='bbox 754 1870 820 1930; x_wconf 88' lang='lat' dir='ltr'><strong>fons</strong></span> <span class='ocrx_word' id='word_1_130' title='bbox 842 1870 907 1930; x_wconf 87' lang='lat' dir='ltr'><strong>luce</strong></span> <span class='ocrx_word' id='word_1_131' title='bbox 930 1871 1036 1931; x_wconf 89' lang='lat' dir='ltr'><strong>diurna</strong></span> 
     </span>
    </p>

    <p class='ocr_par' dir='ltr' id='par_1_12' title="bbox 202 1957 959 2038">
     <span class='ocr_line' id='line_1_20' title="bbox 202 1957 959 2038; baseline 0 -20"><span class='ocrx_word' id='word_1_132' title='bbox 202 1959 326 2037; x_wconf 89' lang='lat' dir='ltr'><strong>frigidus</strong></span> <span class='ocrx_word' id='word_1_133' title='bbox 349 1965 379 2018; x_wconf 89' lang='lat' dir='ltr'><strong>et</strong></span> <span class='ocrx_word' id='word_1_134' title='bbox 400 1957 513 2018; x_wconf 89' lang='lat' dir='ltr'><strong>calidus</strong></span> <span class='ocrx_word' id='word_1_135' title='bbox 536 1966 681 2018; x_wconf 91' lang='lat' dir='ltr'><strong>nocturno</strong></span> <span class='ocrx_word' id='word_1_136' title='bbox 703 1965 836 2038; x_wconf 89' lang='lat' dir='ltr'><strong>tempore</strong></span> <span class='ocrx_word' id='word_1_137' title='bbox 858 1958 959 2019; x_wconf 90' lang='lat' dir='ltr'><strong>fertur.</strong></span> 
     </span>
    </p>

    <p class='ocr_par' dir='ltr' id='par_1_13' title="bbox 131 2045 1136 2216">
     <span class='ocr_line' id='line_1_21' title="bbox 131 2045 1136 2110; baseline 0.004 -4"><span class='ocrx_word' id='word_1_138' title='bbox 131 2054 187 2106; x_wconf 85' lang='lat'><strong>850</strong></span> <span class='ocrx_word' id='word_1_139' title='bbox 200 2046 278 2107; x_wconf 92' lang='lat' dir='ltr'><strong>hunc</strong></span> <span class='ocrx_word' id='word_1_140' title='bbox 300 2047 435 2107; x_wconf 90' lang='lat' dir='ltr'><strong>homines</strong></span> <span class='ocrx_word' id='word_1_141' title='bbox 458 2046 569 2106; x_wconf 90' lang='lat' dir='ltr'><strong>fontem</strong></span> <span class='ocrx_word' id='word_1_142' title='bbox 591 2049 680 2106; x_wconf 90' lang='lat' dir='ltr'><strong>nimis</strong></span> <span class='ocrx_word' id='word_1_143' title='bbox 703 2045 884 2106; x_wconf 73' lang='lat' dir='ltr'><strong>admirantum</strong></span> <span class='ocrx_word' id='word_1_144' title='bbox 906 2053 936 2106; x_wconf 92' lang='lat' dir='ltr'><strong>et</strong></span> <span class='ocrx_word' id='word_1_145' title='bbox 957 2048 1019 2106; x_wconf 89' lang='lat' dir='ltr'><strong>acri</strong></span> <span class='ocrx_word' id='word_1_146' title='bbox 1094 2069 1136 2110; x_wconf 78' lang='lat' dir='ltr'><strong>aco</strong></span> 
     </span>
     <span class='ocr_line' id='line_1_22' title="bbox 202 2134 960 2216; baseline -0.003 -21"><span class='ocrx_word' id='word_1_147' title='bbox 202 2134 264 2195; x_wconf 89' lang='lat' dir='ltr'><strong>sole</strong></span> <span class='ocrx_word' id='word_1_148' title='bbox 285 2141 389 2213; x_wconf 89' lang='lat' dir='ltr'><strong>putant</strong></span> <span class='ocrx_word' id='word_1_149' title='bbox 411 2141 514 2212; x_wconf 89' lang='lat' dir='ltr'><strong>supter</strong></span> <span class='ocrx_word' id='word_1_150' title='bbox 536 2141 630 2195; x_wconf 83' lang='lat' dir='ltr'><strong>terras</strong></span> <span class='ocrx_word' id='word_1_151' title='bbox 652 2135 817 2194; x_wconf 86' lang='lat' dir='ltr'><strong>fervescere</strong></span> <span class='ocrx_word' id='word_1_152' title='bbox 840 2136 960 2216; x_wconf 84' lang='lat' dir='ltr'><strong>raptim,</strong></span> 
     </span>
    </p>

    <p class='ocr_par' dir='ltr' id='par_1_14' title="bbox 128 2221 1045 2479">
     <span class='ocr_line' id='line_1_23' title="bbox 128 2221 850 2301; baseline -0.001 -19"><span class='ocrx_word' id='word_1_153' title='bbox 128 2245 182 2297; x_wconf 81' lang='lat'><strong>845</strong></span> <span class='ocrx_word' id='word_1_154' title='bbox 200 2241 260 2283; x_wconf 83' lang='lat' dir='ltr'><strong>nox</strong></span> <span class='ocrx_word' id='word_1_155' title='bbox 281 2221 334 2283; x_wconf 93' lang='lat' dir='ltr'><strong>ubi</strong></span> <span class='ocrx_word' id='word_1_156' title='bbox 355 2221 483 2282; x_wconf 85' lang='lat' dir='ltr'><strong>terribili</strong></span> <span class='ocrx_word' id='word_1_157' title='bbox 505 2229 600 2283; x_wconf 90' lang='lat' dir='ltr'><strong>terras</strong></span> <span class='ocrx_word' id='word_1_158' title='bbox 623 2222 747 2301; x_wconf 90' lang='lat' dir='ltr'><strong>caligine</strong></span> <span class='ocrx_word' id='word_1_159' title='bbox 768 2223 850 2282; x_wconf 84' lang='lat' dir='ltr'><strong>texit.</strong></span> 
     </span>
     <span class='ocr_line' id='line_1_24' title="bbox 202 2310 973 2389; baseline 0 -19"><span class='ocrx_word' id='word_1_160' title='bbox 202 2310 279 2389; x_wconf 94' lang='lat' dir='ltr'><strong>quod</strong></span> <span class='ocrx_word' id='word_1_161' title='bbox 301 2312 390 2370; x_wconf 90' lang='lat' dir='ltr'><strong>nimis</strong></span> <span class='ocrx_word' id='word_1_162' title='bbox 414 2329 430 2370; x_wconf 91' lang='lat' dir='ltr'><strong>a</strong></span> <span class='ocrx_word' id='word_1_163' title='bbox 453 2317 550 2370; x_wconf 90' lang='lat' dir='ltr'><strong>verast</strong></span> <span class='ocrx_word' id='word_1_164' title='bbox 571 2310 657 2389; x_wconf 89' lang='lat' dir='ltr'><strong>longe</strong></span> <span class='ocrx_word' id='word_1_165' title='bbox 679 2312 791 2370; x_wconf 88' lang='lat' dir='ltr'><strong>ratione</strong></span> <span class='ocrx_word' id='word_1_166' title='bbox 814 2315 973 2370; x_wconf 89' lang='lat' dir='ltr'><strong>remotum:</strong></span> 
     </span>
     <span class='ocr_line' id='line_1_25' title="bbox 202 2397 1045 2479; baseline -0.001 -21"><span class='ocrx_word' id='word_1_167' title='bbox 202 2401 324 2479; x_wconf 86' lang='lat' dir='ltr'><strong>quippe,</strong></span> <span class='ocrx_word' id='word_1_168' title='bbox 346 2397 398 2459; x_wconf 93' lang='lat' dir='ltr'><strong>ubi</strong></span> <span class='ocrx_word' id='word_1_169' title='bbox 421 2397 465 2458; x_wconf 94' lang='lat' dir='ltr'><strong>sol</strong></span> <span class='ocrx_word' id='word_1_170' title='bbox 487 2398 600 2459; x_wconf 90' lang='lat' dir='ltr'><strong>nudum</strong></span> <span class='ocrx_word' id='word_1_171' title='bbox 621 2405 805 2458; x_wconf 87' lang='lat' dir='ltr'><strong>contractans</strong></span> <span class='ocrx_word' id='word_1_172' title='bbox 829 2415 936 2476; x_wconf 90' lang='lat' dir='ltr'><strong>corpus</strong></span> <span class='ocrx_word' id='word_1_173' title='bbox 959 2399 1045 2476; x_wconf 91' lang='lat' dir='ltr'><strong>aquai</strong></span> 
     </span>
    </p>
   </div>
   <div class='ocr_carea' id='block_1_5' title="bbox 131 2477 1136 2830">
    <p class='ocr_par' dir='ltr' id='par_1_15' title="bbox 131 2477 1136 2652">
     <span class='ocr_line' id='line_1_26' title="bbox 131 2477 1136 2567; baseline -0.005 -12"><span class='ocrx_word' id='word_1_174' title='bbox 131 2502 187 2554; x_wconf 82' lang='lat'><strong>855</strong></span> <span class='ocrx_word' id='word_1_175' title='bbox 203 2505 262 2547; x_wconf 94' lang='lat' dir='ltr'><strong>non</strong></span> <span class='ocrx_word' id='word_1_176' title='bbox 286 2488 396 2564; x_wconf 89' lang='lat' dir='ltr'><strong>quierit</strong></span> <span class='ocrx_word' id='word_1_177' title='bbox 419 2477 545 2546; x_wconf 82' lang='lat' dir='ltr'><strong>calidum</strong></span> <span class='ocrx_word' id='word_1_178' title='bbox 568 2503 674 2564; x_wconf 89' lang='lat' dir='ltr'><strong>supera</strong></span> <span class='ocrx_word' id='word_1_179' title='bbox 697 2485 733 2545; x_wconf 90' lang='lat' dir='ltr'><strong>de</strong></span> <span class='ocrx_word' id='word_1_180' title='bbox 756 2485 880 2545; x_wconf 85' lang='lat' dir='ltr'><strong>reddere</strong></span> <span class='ocrx_word' id='word_1_181' title='bbox 902 2491 998 2567; x_wconf 87' lang='lat' dir='ltr'><strong>parte,</strong></span> <span class='ocrx_word' id='word_1_182' title='bbox 1093 2507 1136 2550; x_wconf 78' lang='lat' dir='ltr'><strong>aas</strong></span> 
     </span>
     <span class='ocr_line' id='line_1_27' title="bbox 201 2573 945 2652; baseline -0.003 -18"><span class='ocrx_word' id='word_1_183' title='bbox 201 2593 268 2635; x_wconf 93' lang='lat' dir='ltr'><strong>cum</strong></span> <span class='ocrx_word' id='word_1_184' title='bbox 292 2591 432 2652; x_wconf 91' lang='lat' dir='ltr'><strong>superum</strong></span> <span class='ocrx_word' id='word_1_185' title='bbox 454 2574 554 2634; x_wconf 90' lang='lat' dir='ltr'><strong>lumen</strong></span> <span class='ocrx_word' id='word_1_186' title='bbox 575 2580 657 2634; x_wconf 91' lang='lat' dir='ltr'><strong>tanto</strong></span> <span class='ocrx_word' id='word_1_187' title='bbox 680 2573 794 2634; x_wconf 83' lang='lat' dir='ltr'><strong>fervore</strong></span> <span class='ocrx_word' id='word_1_188' title='bbox 817 2573 945 2652; x_wconf 77' lang='lat' dir='ltr'><strong>fruatur,</strong></span> 
     </span>
    </p>

    <p class='ocr_par' dir='ltr' id='par_1_16' title="bbox 131 2662 1041 2830">
     <span class='ocr_line' id='line_1_28' title="bbox 131 2662 1041 2742; baseline -0.009 -14"><span class='ocrx_word' id='word_1_189' title='bbox 131 2679 183 2730; x_wconf 80' lang='lat'><strong>850</strong></span> <span class='ocrx_word' id='word_1_190' title='bbox 202 2664 254 2740; x_wconf 92' lang='lat' dir='ltr'><strong>qui</strong></span> <span class='ocrx_word' id='word_1_191' title='bbox 275 2668 363 2742; x_wconf 89' lang='lat' dir='ltr'><strong>queat</strong></span> <span class='ocrx_word' id='word_1_192' title='bbox 384 2662 433 2721; x_wconf 92' lang='lat' dir='ltr'><strong>hic</strong></span> <span class='ocrx_word' id='word_1_193' title='bbox 456 2668 558 2740; x_wconf 91' lang='lat' dir='ltr'><strong>supter</strong></span> <span class='ocrx_word' id='word_1_194' title='bbox 579 2669 639 2722; x_wconf 88' lang='lat' dir='ltr'><strong>tam</strong></span> <span class='ocrx_word' id='word_1_195' title='bbox 662 2679 761 2721; x_wconf 90' lang='lat' dir='ltr'><strong>crasso</strong></span> <span class='ocrx_word' id='word_1_196' title='bbox 785 2678 907 2739; x_wconf 89' lang='lat' dir='ltr'><strong>corpore</strong></span> <span class='ocrx_word' id='word_1_197' title='bbox 930 2667 1041 2720; x_wconf 91' lang='lat' dir='ltr'><strong>terram</strong></span> 
     </span>
     <span class='ocr_line' id='line_1_29' title="bbox 201 2745 989 2830; baseline -0.003 -20"><span class='ocrx_word' id='word_1_198' title='bbox 201 2767 382 2830; x_wconf 89' lang='lat' dir='ltr'><strong>percoqnere</strong></span> <span class='ocrx_word' id='word_1_199' title='bbox 405 2767 539 2810; x_wconf 90' lang='lat' dir='ltr'><strong>umorem</strong></span> <span class='ocrx_word' id='word_1_200' title='bbox 562 2756 592 2810; x_wconf 91' lang='lat' dir='ltr'><strong>et</strong></span> <span class='ocrx_word' id='word_1_201' title='bbox 614 2747 707 2809; x_wconf 88' lang='lat' dir='ltr'><strong>calido</strong></span> <span class='ocrx_word' id='word_1_202' title='bbox 731 2750 837 2808; x_wconf 89' lang='lat' dir='ltr'><strong>satiare</strong></span> <span class='ocrx_word' id='word_1_203' title='bbox 860 2745 989 2826; x_wconf 80' lang='lat' dir='ltr'><strong>vapore?</strong></span> 
     </span>
    </p>
   </div>
   <div class='ocr_carea' id='block_1_6' title="bbox 200 2835 1009 2918">
    <p class='ocr_par' dir='ltr' id='par_1_17' title="bbox 200 2835 1009 2918">
     <span class='ocr_line' id='line_1_30' title="bbox 200 2835 1009 2918; baseline -0.004 -20"><span class='ocrx_word' id='word_1_204' title='bbox 200 2839 376 2918; x_wconf 89' lang='lat' dir='ltr'><strong>praesertim</strong></span> <span class='ocrx_word' id='word_1_205' title='bbox 399 2855 466 2897; x_wconf 93' lang='lat' dir='ltr'><strong>cum</strong></span> <span class='ocrx_word' id='word_1_206' title='bbox 488 2839 536 2897; x_wconf 88' lang='lat' dir='ltr'><strong>vix</strong></span> <span class='ocrx_word' id='word_1_207' title='bbox 558 2839 653 2916; x_wconf 87' lang='lat' dir='ltr'><strong>possit</strong></span> <span class='ocrx_word' id='word_1_208' title='bbox 673 2855 728 2914; x_wconf 87' lang='lat' dir='ltr'><strong>per</strong></span> <span class='ocrx_word' id='word_1_209' title='bbox 750 2843 833 2915; x_wconf 86' lang='lat' dir='ltr'><strong>septa</strong></span> <span class='ocrx_word' id='word_1_210' title='bbox 855 2835 1009 2896; x_wconf 89' lang='lat' dir='ltr'><strong>domorum</strong></span> 
     </span>
    </p>
   </div>
   <div class='ocr_carea' id='block_1_7' title="bbox 131 2923 1241 2988">
    <p class='ocr_par' dir='ltr' id='par_1_18' title="bbox 131 2923 1241 2988">
     <span class='ocr_line' id='line_1_31' title="bbox 131 2923 1241 2988; baseline 0.001 -2"><span class='ocrx_word' id='word_1_211' title='bbox 131 2934 188 2986; x_wconf 79' lang='lat'><strong>860</strong></span> <span class='ocrx_word' id='word_1_212' title='bbox 201 2929 351 2988; x_wconf 87' lang='lat' dir='ltr'><strong>insinuare</strong></span> <span class='ocrx_word' id='word_1_213' title='bbox 376 2943 461 2986; x_wconf 91' lang='lat' dir='ltr'><strong>sunm</strong></span> <span class='ocrx_word' id='word_1_214' title='bbox 484 2925 574 2986; x_wconf 90' lang='lat' dir='ltr'><strong>radiis</strong></span> <span class='ocrx_word' id='word_1_215' title='bbox 597 2923 768 2985; x_wconf 89' lang='lat' dir='ltr'><strong>ardentibus</strong></span> <span class='ocrx_word' id='word_1_216' title='bbox 790 2930 911 2984; x_wconf 87' lang='lat' dir='ltr'><strong>aestum.</strong></span> <span class='ocrx_word' id='word_1_217' title='bbox 1056 2946 1136 2987; x_wconf 59' lang='lat' dir='ltr'><strong>»aso</strong></span> <span class='ocrx_word' id='word_1_218' title='bbox 1240 2947 1241 2952; x_wconf 49' lang='lat'>¹</span> 
     </span>
    </p>
   </div>
   <div class='ocr_carea' id='block_1_8' title="bbox 130 3010 1044 3356">
    <p class='ocr_par' dir='ltr' id='par_1_19' title="bbox 130 3010 1044 3181">
     <span class='ocr_line' id='line_1_32' title="bbox 202 3010 1044 3094; baseline -0.005 -19"><span class='ocrx_word' id='word_1_219' title='bbox 202 3033 275 3094; x_wconf 91' lang='lat' dir='ltr'><strong>quae</strong></span> <span class='ocrx_word' id='word_1_220' title='bbox 299 3017 403 3074; x_wconf 93' lang='lat' dir='ltr'><strong>ratiost</strong></span> <span class='ocrx_word' id='word_1_221' title='bbox 425 3010 537 3092; x_wconf 80' lang='lat' dir='ltr'><strong>igitur?</strong></span> <span class='ocrx_word' id='word_1_222' title='bbox 571 3015 724 3093; x_wconf 91' lang='lat' dir='ltr'><strong>nimirum,</strong></span> <span class='ocrx_word' id='word_1_223' title='bbox 746 3019 826 3072; x_wconf 90' lang='lat' dir='ltr'><strong>terra</strong></span> <span class='ocrx_word' id='word_1_224' title='bbox 848 3013 941 3090; x_wconf 89' lang='lat' dir='ltr'><strong>magis</strong></span> <span class='ocrx_word' id='word_1_225' title='bbox 965 3010 1044 3090; x_wconf 92' lang='lat' dir='ltr'><strong>quod</strong></span> 
     </span>
     <span class='ocr_line' id='line_1_33' title="bbox 130 3099 992 3181; baseline -0.01 -12"><span class='ocrx_word' id='word_1_226' title='bbox 130 3118 182 3169; x_wconf 82' lang='lat'><strong>855</strong></span> <span class='ocrx_word' id='word_1_227' title='bbox 201 3121 267 3163; x_wconf 88' lang='lat' dir='ltr'><strong>rara</strong></span> <span class='ocrx_word' id='word_1_228' title='bbox 289 3109 370 3181; x_wconf 91' lang='lat' dir='ltr'><strong>tepet</strong></span> <span class='ocrx_word' id='word_1_229' title='bbox 391 3103 504 3163; x_wconf 89' lang='lat' dir='ltr'><strong>circum</strong></span> <span class='ocrx_word' id='word_1_230' title='bbox 527 3101 638 3162; x_wconf 90' lang='lat' dir='ltr'><strong>fontem</strong></span> <span class='ocrx_word' id='word_1_231' title='bbox 661 3119 748 3180; x_wconf 91' lang='lat' dir='ltr'><strong>qnam</strong></span> <span class='ocrx_word' id='word_1_232' title='bbox 771 3107 869 3160; x_wconf 88' lang='lat' dir='ltr'><strong>cetera</strong></span> <span class='ocrx_word' id='word_1_233' title='bbox 890 3099 992 3180; x_wconf 86' lang='lat' dir='ltr'><strong>tellus,</strong></span> 
     </span>
    </p>

    <p class='ocr_par' dir='ltr' id='par_1_20' title="bbox 200 3188 1037 3269">
     <span class='ocr_line' id='line_1_34' title="bbox 200 3188 1037 3269; baseline -0.004 -18"><span class='ocrx_word' id='word_1_234' title='bbox 200 3189 349 3269; x_wconf 89' lang='lat' dir='ltr'><strong>multaque</strong></span> <span class='ocrx_word' id='word_1_235' title='bbox 373 3197 441 3250; x_wconf 91' lang='lat' dir='ltr'><strong>sunt</strong></span> <span class='ocrx_word' id='word_1_236' title='bbox 463 3191 540 3268; x_wconf 88' lang='lat' dir='ltr'><strong>ignis</strong></span> <span class='ocrx_word' id='word_1_237' title='bbox 562 3207 654 3268; x_wconf 90' lang='lat' dir='ltr'><strong>prope</strong></span> <span class='ocrx_word' id='word_1_238' title='bbox 678 3190 790 3250; x_wconf 88' lang='lat' dir='ltr'><strong>semina</strong></span> <span class='ocrx_word' id='word_1_239' title='bbox 813 3206 920 3267; x_wconf 90' lang='lat' dir='ltr'><strong>corpus</strong></span> <span class='ocrx_word' id='word_1_240' title='bbox 942 3188 1037 3266; x_wconf 89' lang='lat' dir='ltr'><strong>aquai.</strong></span> 
     </span>
    </p>

    <p class='ocr_par' dir='ltr' id='par_1_21' title="bbox 200 3275 970 3356">
     <span class='ocr_line' id='line_1_35' title="bbox 200 3275 970 3356; baseline -0.001 -19"><span class='ocrx_word' id='word_1_241' title='bbox 200 3278 256 3337; x_wconf 91' lang='lat' dir='ltr'><strong>hoc</strong></span> <span class='ocrx_word' id='word_1_242' title='bbox 278 3276 331 3337; x_wconf 92' lang='lat' dir='ltr'><strong>ubi</strong></span> <span class='ocrx_word' id='word_1_243' title='bbox 352 3278 486 3338; x_wconf 81' lang='lat' dir='ltr'><strong>roriferis</strong></span> <span class='ocrx_word' id='word_1_244' title='bbox 508 3284 619 3337; x_wconf 90' lang='lat' dir='ltr'><strong>terram</strong></span> <span class='ocrx_word' id='word_1_245' title='bbox 642 3294 700 3337; x_wconf 86' lang='lat' dir='ltr'><strong>nox</strong></span> <span class='ocrx_word' id='word_1_246' title='bbox 723 3275 821 3336; x_wconf 90' lang='lat' dir='ltr'><strong>obruit</strong></span> <span class='ocrx_word' id='word_1_247' title='bbox 843 3275 970 3356; x_wconf 90' lang='lat' dir='ltr'><strong>umbris,</strong></span> 
     </span>
    </p>
   </div>
   <div class='ocr_carea' id='block_1_9' title="bbox 103 3363 1241 3442">
    <p class='ocr_par' dir='ltr' id='par_1_22' title="bbox 103 3363 1241 3442">
     <span class='ocr_line' id='line_1_36' title="bbox 103 3363 1241 3442; baseline -0.004 -19"><span class='ocrx_word' id='word_1_248' title='bbox 103 3430 105 3435; x_wconf 49' lang='grc'>,</span> <span class='ocrx_word' id='word_1_249' title='bbox 129 3371 185 3422; x_wconf 82' lang='grc'><strong>865</strong></span> <span class='ocrx_word' id='word_1_250' title='bbox 201 3363 346 3440; x_wconf 83' lang='lat' dir='ltr'><strong>extemplo</strong></span> <span class='ocrx_word' id='word_1_251' title='bbox 370 3363 474 3425; x_wconf 93' lang='lat' dir='ltr'><strong>subtus</strong></span> <span class='ocrx_word' id='word_1_252' title='bbox 496 3365 630 3442; x_wconf 91' lang='lat' dir='ltr'><strong>frigescit</strong></span> <span class='ocrx_word' id='word_1_253' title='bbox 651 3371 731 3424; x_wconf 90' lang='lat' dir='ltr'><strong>terra</strong></span> <span class='ocrx_word' id='word_1_254' title='bbox 754 3366 883 3442; x_wconf 88' lang='lat' dir='ltr'><strong>coitque:</strong></span> <span class='ocrx_word' id='word_1_255' title='bbox 1094 3385 1136 3426; x_wconf 73' lang='lat' dir='ltr'><strong>aaa</strong></span> <span class='ocrx_word' id='word_1_256' title='bbox 1240 3375 1241 3418; x_wconf 63' lang='lat' dir='ltr'><strong>t</strong></span> 
     </span>
    </p>
   </div>
   <div class='ocr_carea' id='block_1_10' title="bbox 200 3451 1060 3533">
    <p class='ocr_par' dir='ltr' id='par_1_23' title="bbox 200 3451 1060 3533">
     <span class='ocr_line' id='line_1_37' title="bbox 200 3451 1060 3533; baseline 0.002 -23"><span class='ocrx_word' id='word_1_257' title='bbox 200 3451 254 3510; x_wconf 86' lang='lat' dir='ltr'><strong>hac</strong></span> <span class='ocrx_word' id='word_1_258' title='bbox 276 3452 389 3509; x_wconf 87' lang='lat' dir='ltr'><strong>ratione</strong></span> <span class='ocrx_word' id='word_1_259' title='bbox 412 3451 445 3510; x_wconf 86' lang='lat' dir='ltr'><strong>fit</strong></span> <span class='ocrx_word' id='word_1_260' title='bbox 466 3459 512 3532; x_wconf 91' lang='lat' dir='ltr'><strong>ut,</strong></span> <span class='ocrx_word' id='word_1_261' title='bbox 535 3459 684 3531; x_wconf 92' lang='lat' dir='ltr'><strong>tamquam</strong></span> <span class='ocrx_word' id='word_1_262' title='bbox 707 3469 875 3531; x_wconf 89' lang='lat' dir='ltr'><strong>compressa</strong></span> <span class='ocrx_word' id='word_1_263' title='bbox 897 3469 985 3512; x_wconf 91' lang='lat' dir='ltr'><strong>manu</strong></span> <span class='ocrx_word' id='word_1_264' title='bbox 1009 3453 1060 3533; x_wconf 86' lang='lat' dir='ltr'><strong>sit,</strong></span> 
     </span>
    </p>
   </div>
   <div class='ocr_carea' id='block_1_11' title="bbox 131 3537 1241 3621">
    <p class='ocr_par' dir='ltr' id='par_1_24' title="bbox 131 3537 1241 3621">
     <span class='ocr_line' id='line_1_38' title="bbox 131 3537 1241 3621; baseline 0.004 -26"><span class='ocrx_word' id='word_1_265' title='bbox 131 3554 182 3603; x_wconf 83' lang='lat' dir='ltr'><strong>aad</strong></span> <span class='ocrx_word' id='word_1_266' title='bbox 202 3538 346 3615; x_wconf 84' lang='lat' dir='ltr'><strong>exprimat</strong></span> <span class='ocrx_word' id='word_1_267' title='bbox 369 3539 400 3614; x_wconf 82' lang='lat' dir='ltr'><strong>in</strong></span> <span class='ocrx_word' id='word_1_268' title='bbox 423 3539 534 3599; x_wconf 88' lang='lat' dir='ltr'><strong>fontem</strong></span> <span class='ocrx_word' id='word_1_269' title='bbox 557 3558 632 3618; x_wconf 92' lang='lat' dir='ltr'><strong>quae</strong></span> <span class='ocrx_word' id='word_1_270' title='bbox 656 3542 768 3601; x_wconf 87' lang='lat' dir='ltr'><strong>semina</strong></span> <span class='ocrx_word' id='word_1_271' title='bbox 791 3557 915 3618; x_wconf 90' lang='lat' dir='ltr'><strong>cumque</strong></span> <span class='ocrx_word' id='word_1_272' title='bbox 938 3537 1027 3600; x_wconf 87' lang='lat' dir='ltr'><strong>babet</strong></span> <span class='ocrx_word' id='word_1_273' title='bbox 1047 3540 1137 3621; x_wconf 86' lang='lat' dir='ltr'><strong>ignis,</strong></span> <span class='ocrx_word' id='word_1_274' title='bbox 1240 3551 1241 3570; x_wconf 65' lang='lat'>¹</span> 
     </span>
    </p>
   </div>
   <div class='ocr_carea' id='block_1_12' title="bbox 0 0 1263 3874">
    <p class='ocr_par' dir='ltr' id='par_1_25' title="bbox 0 0 1263 3874">
     <span class='ocr_line' id='line_1_39' title="bbox 0 0 1263 3874; baseline 0 0"><span class='ocrx_word' id='word_1_275' title='bbox 0 0 1263 3874; x_wconf 95' lang='lat' dir='ltr'><strong> </strong></span> 
     </span>
    </p>
   </div>
  </div>
 </body>
</html>
