2512 3874
130 267 194 330 134
617 267 644 322 V

200 415 314 475 accidat
336 416 460 474 exitium
483 413 557 475 ca'eli
579 421 735 493 terraeque
759 415 904 493 futurum,

200 509 230 562 et
253 520 341 581 quam
364 502 483 563 difficile
506 502 536 561 id
559 502 633 562 mihi
657 504 696 562 sit
717 505 888 580 pervincere
912 500 1012 579 dictis3

130 606 180 656 100
200 598 233 651 00
255 591 289 651 fit
310 589 363 650 ubi
385 590 534 650 insolitam
556 608 620 650 rem
643 590 780 668 adportes
803 588 924 649 auribus
948 593 1029 667 ante,

200 697 255 739 nec
277 686 376 739 tamen
398 679 474 738 hano
496 681 594 757 possis
618 677 770 738 oculorum
794 675 920 737 subdere
943 678 1008 735 visu

199 785 255 826 nec
278 769 375 826 iacere
398 765 471 826 indo
493 784 611 846 manus,
634 769 680 826 via
703 784 761 844 qua
783 767 896 826 munita
918 763 988 823 fidei

199 857 333 933 proxima
356 854 414 914 fert
435 853 595 914 humanum
618 855 650 915 in
672 860 776 932 pectus
799 852 965 932 templaque
989 852 1108 910 mentis.

200 942 252 1001 sed
274 949 374 1001 tamen
396 941 515 1002 effabor.
553 942 640 1002 dictis
663 941 745 1001 dabit
765 943 830 1019 ipsa
852 937 941 1000 fidem
964 957 1026 1019 res,

131 1043 180 1094 105
200 1030 337 1110 forsitan,
360 1036 390 1089 et
412 1031 540 1108 graviter
561 1037 710 1090 terrarum
731 1028 860 1089 motibus
884 1029 957 1087 ortis

161 1156 163 1160 s
199 1119 297 1177 omnia
320 1120 511 1195 conquassari
533 1120 565 1178 in
587 1135 676 1196 parvo
699 1124 832 1196 tempore
855 1133 968 1176 cernes.

200 1205 277 1284 quod
300 1205 405 1283 procul
427 1224 443 1264 a
465 1204 551 1265 nobis
574 1204 673 1266 flectat
696 1205 813 1265 fortuna
835 1204 1017 1282 gubernans,

200 1300 231 1353 et
252 1295 327 1353 ratio
350 1295 449 1372 potius
473 1311 560 1372 quam
582 1311 631 1352 res
655 1292 831 1372 persuadeat
853 1294 917 1370 ipsa

200 1381 352 1441 succidere
375 1381 531 1441 horrisono
554 1398 641 1460 posse
666 1383 763 1440 omnia
785 1382 862 1440 victa
884 1379 1009 1457 fragore.

130 1483 181 1532 110
244 1469 307 1538 Qua
329 1471 413 1548 prius
436 1468 591 1547 adgrediar
615 1487 702 1546 quam
725 1467 761 1528 de
784 1486 817 1527 re
839 1467 964 1527 fundere
988 1467 1045 1526 fata

200 1559 330 1616 sanctius
354 1564 383 1616 et
404 1555 497 1616 multo
521 1564 601 1617 certa
622 1559 736 1616 ratione
760 1557 853 1633 magis
877 1573 965 1634 quam

198 1643 301 1722 Pythia
325 1662 399 1721 quae
422 1643 538 1722 tripode
561 1662 578 1703 a
600 1643 711 1704 Phoebi
733 1643 876 1721 lauroque
899 1644 1045 1724 profatur,

200 1730 291 1790 multa
313 1729 369 1790 tibi
392 1731 545 1808 expediam
569 1730 663 1790 doctis
686 1731 793 1791 solacia
816 1731 917 1811 dictis,

199 1818 342 1895 religione
366 1817 532 1877 refrenatus
555 1836 592 1877 ue
616 1819 691 1878 forte
714 1821 808 1878 rearis

130 1920 180 1969 115
198 1913 294 1964 terras
318 1911 347 1964 et
371 1903 463 1965 solem
485 1912 515 1965 et
537 1905 664 1985 caelum,
686 1924 768 1966 mare
791 1906 889 1965 sidera
912 1904 1026 1984 lunam,

199 2010 323 2071 corpore
347 1992 446 2052 divino
469 1991 578 2052 debere
602 2000 721 2054 aeterna
743 2011 877 2073 manere,

198 2088 414 2160 proptereaque
436 2086 524 2158 putes
546 2082 607 2140 ritu
629 2099 684 2159 par
706 2099 772 2140 esse
796 2080 954 2158 Gigantum

198 2167 328 2247 pendere
352 2186 403 2228 eos
425 2186 535 2246 poenas
558 2170 669 2228 inmani
691 2186 745 2246 pro
770 2167 882 2228 scelere
906 2171 1018 2248 omnis,

200 2259 251 2334 qui
273 2257 386 2315 ratione
411 2273 464 2315 sua
486 2255 653 2315 disturbent
675 2257 792 2314 moenia
814 2255 919 2315 mundi

130 2358 180 2407 100
198 2342 441 2422 praeclarumque
463 2341 555 2403 velint
577 2341 652 2403 caeli
674 2345 860 2420 restinguere
886 2342 978 2403 solem
984 2390 993 2424 ,

198 2430 365 2494 inmortalia
386 2429 504 2490 mortali
526 2447 662 2490 sermone
685 2437 834 2511 notantes3

199 2536 273 2596 quae
295 2517 399 2596 procul
421 2535 516 2595 usque
539 2517 612 2576 adeo
636 2516 733 2577 divino
757 2520 915 2578 anumine
939 2517 1053 2577 distant

198 2607 288 2682 inque
312 2604 400 2664 deum
422 2622 546 2664 numero
570 2621 643 2682 quae
667 2606 727 2663 sint
749 2604 871 2683 indigna
894 2605 1049 2685 videntur,

198 2693 333 2751 notitiam
355 2693 453 2769 potius
476 2691 618 2770 praebere
641 2697 675 2750 00
696 2709 784 2769 posse
806 2700 950 2770 putentur

128 2795 179 2843 125
198 2779 269 2859 quid
293 2781 331 2838 sit
353 2777 434 2837 vitali
456 2785 538 2838 motu
561 2796 708 2856 sensuque
731 2786 886 2839 remotum.

198 2869 306 2945 quippe
330 2868 439 2926 etenim
461 2883 521 2925 non
544 2872 601 2945 est,
625 2883 692 2925 cum
716 2868 819 2943 quovis
843 2885 969 2946 corpore
993 2876 1028 2929 ut
1052 2887 1122 2930 esse

197 2972 285 3032 posse
308 2954 399 3013 animi
421 2959 524 3013 natura
547 2959 668 3030 putetur
691 2952 915 3032 consiliumque.
1106 2980 1146 3020 rsa

200 3040 277 3117 quod
296 3041 435 3118 quoniam
448 3046 549 3099 nostro
565 3057 680 3118 quoque
696 3046 811 3100 constat
824 3059 951 3120 corpore
968 3051 1090 3105 certum
1106 3069 1148 3108 ree

199 3126 433 3204 dispositumque
456 3126 572 3186 videtur
594 3126 647 3186 ubi
669 3144 736 3186 esse
758 3134 789 3187 et
811 3146 948 3189 crescere
972 3135 1072 3209 possit

129 3225 180 3274 130
200 3227 333 3270 seorsum
348 3215 444 3272 anima
457 3220 544 3290 atque
559 3215 683 3293 animus,
696 3220 777 3274 tanto
791 3218 885 3293 magis
895 3217 1091 3279 infitiandum
1106 3245 1147 3283 140

128 3301 292 3362 141t0tum
314 3316 400 3375 posse
424 3307 506 3359 extra
529 3317 636 3378 corpus
659 3300 842 3379 formamque
866 3305 1026 3366 animalem

199 3381 335 3460 putribus
358 3386 389 3442 in
412 3385 505 3462 glebis
528 3393 675 3446 terrarum
698 3395 748 3448 000
771 3389 842 3449 solis
865 3393 898 3450 in
921 3395 985 3471 igni

200 3469 305 3527 autin
328 3487 402 3546 aqua
425 3471 531 3532 durare
555 3480 604 3533 000
626 3473 693 3533 altis
716 3475 845 3536 aetheris
868 3481 939 3540 oris.

376 3552 577 3636 [128-137]
593 3587 635 3608 =
649 3559 688 3619 lll
707 3559 890 3625 781-790.
