2512 3874
154 215 216 280 192
635 212 675 268 VI

222 359 359 421 manibus
382 367 416 420 ut
439 361 465 419 si
488 360 548 418 sint
571 357 645 418 divis
668 363 794 419 mactata
816 365 947 437 repente.

154 455 209 508 700
226 451 323 508 omnia
347 465 421 527 quae
444 446 572 507 naturali
593 449 708 506 ratione
730 453 887 526 geruntur,

224 544 254 597 et
276 535 385 615 quibus
407 553 424 596 e
446 535 519 594 fiant
541 536 639 595 causis
661 540 783 613 apparet
806 536 900 613 origo:

155 639 205 690 755
224 627 312 685 ianua
333 642 371 684 ne
395 623 471 683 forte
493 623 540 682 his
563 621 634 682 Orci
655 621 827 700 regionibus
850 640 917 682 esse

225 711 375 792 credatur,
397 710 556 789 posthinc
579 713 691 770 animas
713 709 890 770 Acheruntis
912 711 944 770 in
968 728 1034 769 oras

225 799 333 860 ducere
356 799 431 859 forte
456 797 527 858 deos
549 800 644 859 manis
668 798 782 858 inferne
806 815 937 877 reamur,

154 894 210 945 705
226 887 348 948 naribus
372 886 502 966 alipedes
525 893 559 946 nt
582 888 661 946 cervi
684 905 772 966 saepe
793 892 936 965 putantur
1122 906 1159 947 ros

225 976 333 1036 ducere
357 974 394 1034 de
416 973 538 1035 latebris
561 977 709 1053 serpentia
733 973 828 1034 saecla
850 974 987 1034 ferarum.

155 1080 206 1129 750
226 1063 304 1142 quod
327 1061 430 1142 procul
453 1081 470 1121 a
492 1080 561 1122 vera
585 1080 672 1140 qnam
695 1064 734 1122 sit
756 1064 871 1122 ratione
893 1060 1044 1140 repulsum

224 1153 358 1230 percipe:
380 1169 449 1212 nam
472 1149 508 1210 de
532 1168 666 1210 renunc
689 1152 754 1228 ipsa
779 1149 878 1210 dicere
902 1167 1000 1209 conor.

269 1239 418 1319 Principio
440 1238 496 1299 hoc
520 1237 599 1318 dico,
623 1237 700 1316 quod
723 1237 785 1297 dixi
808 1255 896 1316 saepe
919 1254 1036 1316 qnoque
1060 1242 1140 1315 ante,

155 1333 211 1384 770
224 1330 260 1387 in
279 1334 359 1387 terra
382 1329 525 1404 cuiusque
547 1325 629 1386 modi
650 1343 751 1386 rerum
775 1342 840 1385 esse
863 1326 985 1406 figuras3
1121 1345 1159 1386 uo

225 1414 329 1495 multa,
352 1414 419 1475 cibo
442 1432 516 1493 qnae
541 1419 623 1494 sunt,
646 1412 757 1493 vitalia,
780 1411 943 1493 multaque,
965 1411 1086 1472 morbos

156 1517 206 1568 755
225 1505 359 1563 incutere
383 1509 412 1562 et
434 1509 561 1562 mortem
584 1520 658 1579 quae
680 1502 795 1581 possint
817 1500 994 1561 adcelerare.

226 1598 256 1651 et
278 1593 371 1668 magis
395 1608 460 1650 esse
483 1589 548 1650 aliis
572 1588 644 1650 alias
667 1587 863 1649 animantibus
887 1595 970 1668 aptas

226 1696 274 1739 res
298 1678 334 1737 ad
357 1679 428 1737 vitai
450 1679 595 1737 rationem
619 1676 801 1737 ostendimus
824 1682 891 1736 ante

156 1773 210 1824 775
225 1772 348 1844 propter
370 1763 544 1824 dissimilem
566 1771 701 1824 naturam
724 1763 935 1843 dissimilisque
1121 1787 1159 1827 us

224 1859 357 1913 texturas
380 1853 458 1912 inter
481 1869 547 1911 sese
569 1853 739 1930 primasque
762 1851 880 1930 figuras.

157 1956 208 2006 770
270 1939 382 2000 Deinde
405 1939 505 2000 videre
528 1938 598 2000 licet
616 1958 704 2018 quam
722 1939 831 2000 multae
850 1942 910 2000 sint
926 1939 1041 2000 homini
1059 1958 1108 2000 res
1121 1963 1158 2002 rar

156 2034 211 2086 782
226 2031 334 2089 acriter
356 2027 480 2088 infestae
504 2045 593 2088 sensu
616 2045 798 2108 spurcaeque
822 2045 996 2108 gravesque;
1121 2051 1158 2091 ne

121 2133 124 2142 ·
157 2122 211 2175 777
226 2116 318 2177 multa
340 2121 439 2176 meant
460 2117 581 2176 inimica
602 2134 656 2195 per
680 2119 773 2198 auris,
795 2114 887 2176 multa
908 2133 964 2193 per
985 2118 1066 2195 ipsas
1122 2139 1159 2180 ur

227 2206 378 2264 insinuant
399 2204 480 2262 naris
503 2204 610 2264 infesta
634 2211 720 2283 atque
743 2222 848 2283 aspera
873 2221 952 2284 sese,

226 2309 281 2351 nec
305 2299 375 2351 sunt
395 2289 487 2350 multa
510 2309 614 2370 parum
637 2299 717 2352 tactu
740 2290 857 2351 vitanda
880 2309 976 2370 neque
999 2298 1098 2352 autem

157 2395 207 2445 775
226 2385 347 2457 aspectu
370 2377 508 2457 fugienda
532 2397 694 2458 saporeque
716 2380 814 2439 tristia
838 2398 911 2457 quae
935 2382 1003 2439 sint.
1123 2402 1159 2442 roo
1235 2398 1236 2419 ¹

156 2473 211 2526 783
225 2466 381 2527 arboribus
403 2469 533 2546 primum
556 2469 645 2526 certis
668 2468 765 2545 gravis
787 2466 892 2527 umbra
914 2467 1026 2528 tributa
1122 2490 1159 2531 aas

226 2573 319 2632 usque
344 2555 430 2636 adeo,
453 2556 557 2634 capitis
580 2555 688 2615 iaciant
710 2561 743 2615 nt
766 2573 853 2635 saepe
877 2553 1007 2635 dolores,

156 2646 211 2698 785
229 2644 322 2719 siquis
346 2660 395 2702 eas
420 2649 522 2720 supter
544 2644 634 2703 iacuit
655 2651 821 2722 prostratus
843 2645 875 2703 in
897 2641 1007 2704 herbis.
1121 2665 1159 2706 ns
1233 2685 1234 2702 2

227 2735 272 2788 est
294 2730 382 2789 etiam
404 2731 519 2808 magnis
541 2729 691 2791 Heliconis
714 2730 864 2791 montibus
888 2729 974 2791 arbos

156 2832 208 2884 780
226 2815 308 2875 floris
331 2816 421 2876 odore
444 2817 594 2877 hominem
616 2824 710 2878 taetro
734 2826 873 2879 consueta
895 2836 1010 2879 necare.

227 2903 354 2984 scilicet,
376 2905 449 2965 haec
472 2904 547 2964 ideo'
562 2907 651 2965 terris
675 2924 711 2965 ex
735 2909 833 2966 omnia
856 2913 982 2985 snrgunt

224 2990 316 3052 multa
339 2992 435 3052 modis
457 2990 558 3052 multis
581 2991 742 3052 multarum
766 2993 878 3052 semina
900 3012 1015 3074 rernm,

154 3086 210 3138 700
225 3079 303 3158 qnod
326 3081 472 3156 permixta
494 3080 571 3157 gerit
593 3079 680 3140 tellus
705 3079 891 3157 discretaque
914 3080 1012 3140 tradit.

224 3173 461 3245 nocturnumque
484 3184 589 3227 recens
613 3169 775 3227 extinctum
798 3165 898 3226 lumen
919 3166 972 3227 ubi
994 3169 1056 3227 aori

156 3271 207 3320 785
225 3254 329 3314 nidore
354 3254 476 3314 offendit
497 3272 598 3336 nares,
621 3256 757 3333 consopit
779 3253 888 3316 ibidem

226 3339 381 3401 concidere
405 3349 434 3402 et
457 3359 575 3421 spumas
599 3344 652 3420 qui
673 3341 776 3402 morbo
799 3344 918 3402 mittere
941 3342 1045 3403 suerit

225 3433 417 3506 castoreoque
440 3432 521 3507 gravi
543 3428 650 3492 mulier
674 3431 769 3508 sopita
791 3430 949 3510 recumbit,

155 3521 209 3573 795
224 3522 254 3574 05
276 3513 412 3575 manibus
435 3517 561 3578 nitidum
584 3518 696 3578 teneris
720 3534 794 3596 opus
818 3517 976 3597 ebionei,

66 3737 244 3804 A
