2496 3876
112 203 139 258 X
471 203 750 259 PROLEGOMENA.

113 359 226 412 tantum
252 369 311 412 non
338 351 473 412 omnibus
500 351 654 430 epistulam
682 351 760 411 illam
788 349 880 411 edidit
905 353 937 410 in
964 367 999 409 eo
1028 349 1132 431 libro,

115 441 165 517 qui
196 435 362 518 ‘Epicurea'
394 442 553 518 inscriptus
585 457 660 500 anno
694 435 779 501 1885
810 441 974 517 impressus
1006 445 1054 497 est
1087 442 1130 498 in

115 526 234 587 aedibus
256 527 287 588 11.
312 526 343 588 G.
367 526 522 587 Teubneri.
568 530 618 606 qui
643 527 718 587 liber
741 544 808 588 cum
831 526 887 586 alia
909 526 985 586 bona
1007 525 1129 586 babeat

114 614 247 696 plurima,
269 623 332 676 tum
354 614 426 675 illud
448 633 517 693 prae
537 618 654 696 ceteris,
676 615 754 694 quod
776 617 954 693 optimorum
978 613 1127 673 codicum

114 701 254 764 lectiones
276 721 335 763 uuo
358 705 389 762 in
412 710 570 782 conspectu
592 703 790 782 inspiciendas
813 703 959 781 proponit.
1005 705 1125 779 scripsi

115 792 204 868 igitur
220 791 273 850 bac
291 789 416 851 Useneri
434 808 522 870 opera
541 791 657 851 adiutus
675 809 751 850 anuo
771 788 856 852 1888
876 791 1123 850 dissertationem

115 878 151 938 de
179 886 342 938 atomorum
368 877 578 957 Epicureorum
604 887 687 939 motu
709 877 877 958 principali,
905 896 979 956 quae
1002 881 1121 937 inserta

115 973 160 1025 est
187 965 440 1026 dissertationibus
466 966 649 1045 philologieis
671 966 794 1026 Martino
817 965 935 1025 Hertzio
962 965 1118 1025 dedicatis,

115 1054 241 1131 denique
272 1071 379 1134 nuper,
411 1056 428 1114 i.
457 1073 482 1114 e.
518 1057 650 1133 proximo
681 1072 770 1135 anuo,
801 1053 923 1133 Epicuri
955 1053 991 1112 de
1023 1056 1118 1112 animi

115 1142 285 1220 animaeque
321 1148 423 1202 natura
455 1141 617 1202 doctrinam
649 1141 777 1221 explicui
808 1140 906 1202 libello
940 1140 1117 1201 scholastico

114 1227 241 1288 Halensi.
292 1231 318 1289 si
345 1247 418 1308 quae
451 1235 602 1308 praeterea
631 1233 737 1309 scripsi
764 1229 801 1289 de
827 1228 947 1289 Lucreti
975 1231 1117 1309 carmine,

114 1319 293 1378 mentionem
316 1317 419 1378 iaciam
441 1317 493 1377 ubi
514 1335 563 1379 res
586 1317 752 1397 postulabit.

201 1405 260 1466 Iam
296 1413 329 1466 ut
364 1413 500 1485 appareat
536 1425 657 1466 necesse
689 1405 780 1465 luisse
811 1405 847 1465 de
879 1423 979 1466 rerum
1010 1411 1117 1465 331333

115 1497 253 1554 carminis
267 1493 464 1554 emendationi
473 1512 526 1572 pro
536 1493 723 1554 fundamento
734 1492 906 1553 substruere
916 1491 1116 1572 physiologiae

114 1580 276 1660 Epicureae
317 1583 525 1661 cognitionem,
564 1583 665 1660 paucis
706 1579 779 1641 locis
815 1599 851 1641 ex
890 1599 995 1660 magna
1030 1584 1117 1660 copia

115 1669 296 1747 depromptis
324 1668 527 1728 demonstrabo
552 1676 581 1728 et
602 1667 819 1729 Lachmannum
842 1676 872 1729 et
894 1669 967 1730 alios
990 1687 1053 1729 eam
1077 1669 1117 1728 ob

115 1773 178 1815 rem
194 1774 280 1835 saepe
293 1773 441 1836 peccasse,
459 1757 536 1835 quod
551 1775 608 1836 res,
634 1773 708 1836 quas
731 1755 858 1835 explicat
876 1755 1041 1835 LucretiuS,
1065 1765 1119 1817 aut

115 1860 175 1903 non
197 1846 417 1923 perspexissent
439 1853 488 1904 aut
510 1844 544 1904 ad
568 1863 617 1905 333
640 1863 744 1924 parum
767 1845 959 1905 attenderent.
997 1846 1119 1904 initium

116 1932 219 1991 faciam
242 1931 278 1991 ab
301 1931 436 1992 versibus
459 1930 636 1994 libri1622
655 1941 686 1993 et
698 1929 773 2014 625,
795 1933 847 1993 ubi
870 1938 942 2011 quot
959 1934 1016 1992 viri
1035 1932 1118 1992 docti

116 2018 306 2100 Lachmanni,
329 2037 416 2099 quem
438 2019 614 2100 Bernaysius
638 2028 757 2081 secutus
781 2028 839 2101 est,
862 2038 994 2081 errorem
1018 2022 1118 2080 convi-

116 2109 223 2190 cerint,
251 2108 326 2187 apud
349 2107 473 2169 Pollium
495 2109 594 2169 videas
619 2111 650 2169 iu
673 2108 825 2169 annalibus
848 2107 907 2168 illis
930 2107 1118 2168 Lucretianis

116 2214 190 2275 quos
205 2215 292 2278 supra
307 2196 428 2258 laudavi.
461 2215 529 2258 cum
542 2199 621 2257 enim
630 2197 784 2257 Lucretius
796 2196 864 2256 iude
875 2214 988 2256 aversu
998 2193 1062 2258 593
1073 2227 1117 2238 —

115 2284 167 2344 ubi
198 2303 267 2346 3333
300 2285 402 2346 lacuna
432 2292 478 2346 est
504 2318 546 2328 -
574 2303 668 2364 usque
696 2285 731 2346 ad
754 2302 871 2344 versum
899 2282 962 2346 621
991 2283 1028 2343 de
1054 2291 1118 2344 ato-

115 2389 230 2432 morum
257 2373 388 2452 partibus
416 2376 546 2434 minimis
570 2374 742 2452 disputarit,
770 2389 843 2451 quae
867 2375 907 2432 113
929 2379 963 2432 31
986 2375 1118 2450 separari

90 2455 92 2462 ’
115 2477 175 2518 non
197 2467 317 2538 possent
339 2467 473 2520 naturam
495 2463 628 2539 corporis
651 2458 802 2538 explerent
820 2462 838 2518 i.
854 2479 878 2520 e.
898 2467 1010 2520 atomos
1030 2479 1064 2520 ex
1085 2479 1118 2520 se

116 2548 341 2627 constituerent,
366 2549 406 2606 113
429 2549 525 2626 pergit
546 2554 580 2607 ut
601 2546 692 2627 dicat,
715 2543 852 2626 ‘denique
876 2551 902 2607 si
925 2550 1062 2607 minimas
1086 2551 1118 2608 in

116 2631 219 2714 partis'
248 2628 438 2718 (atomorum,
464 2653 524 2694 non
551 2637 582 2694 in
605 2643 716 2694 atomos
739 2631 866 2717 tantum)
889 2653 988 2695 rerum
1013 2643 1119 2696 natura

116 2741 165 2783 res
188 2722 356 2803 resolveret,
379 2723 509 2782 futurum
534 2741 598 2783 esse
622 2730 656 2782 ut
674 2722 715 2782 nil
734 2741 770 2783 ex
789 2727 832 2784 eis
850 2741 987 2802 reparare
1006 2730 1119 2803 posset,

115 2818 272 2891 propterea
299 2810 375 2889 quod
404 2829 478 2889 quae
505 2811 593 2872 nullis
615 2811 748 2890 partibus
771 2819 871 2872 auctae
895 2820 995 2871 essent
1019 2843 1061 2854 —-
1085 2818 1120 2871 ut

116 2907 279 2960 atomorum
299 2906 398 2978 partes
417 2901 555 2959 minimae
574 2933 626 2981 -,
643 2917 703 2960 non
720 2907 842 2978 possent
859 2917 893 2959 33
910 2899 1029 2979 habere,
1052 2895 1119 2978 ‘per

117 3006 190 3066 quae
217 3007 266 3048 res
296 3005 428 3066 quaeque
456 2985 614 3065 gerantur'.
659 3006 733 3067 quae
760 2987 962 3048 Lachmannus
990 2990 1030 3046 ita
1058 3005 1119 3047 non

116 3074 269 3155 intellexit,
289 3083 321 3136 ut
343 3074 479 3136 Lambini
501 3079 651 3137 inventum
674 3076 805 3155 probarit
826 3094 880 3154 pro
898 3076 936 3154 33·
953 3077 1001 3138 aad
1020 3083 1050 3136 et
1063 3093 1118 3154 pro

115 3159 382 3225 moliarmoliar
405 3163 569 3230 scribentis.
611 3183 706 3244 neque
728 3163 835 3224 melius
857 3164 936 3223 idem
959 3181 1023 3222 rem
1042 3165 1119 3240 gerit

115 3255 147 3312 in
165 3251 229 3311 loco
249 3269 318 3311 3333
337 3251 509 3312 difficillimo
523 3252 549 3312 11
560 3249 742 3332 100-101,
755 3251 807 3311 ubi
820 3250 895 3310 male
910 3251 1117 3327 distinguendo

117 3341 209 3400 elficit
233 3345 267 3398 ut
288 3346 374 3416 poeta
396 3358 465 3400 saxa
488 3347 518 3400 et
539 3340 651 3401 serrum
673 3358 810 3417 magnum
834 3356 887 3417 per
909 3341 996 3398 inane
1018 3339 1119 3414 vagari

117 3429 206 3488 dicat:
243 3444 301 3504 quo
337 3429 369 3485 in
403 3426 468 3487 loco
501 3446 574 3506 quae
607 3430 672 3488 vitii
704 3426 789 3487 sedes
822 3433 900 3485 esset
931 3425 1019 3484 docui
1051 3442 1117 3484 ann.

117 3515 215 3594 philol.
241 3509 327 3576 1875
346 3533 372 3592 p.
392 3513 470 3594 627,
500 3516 649 3594 profectus
679 3514 715 3575 ab
743 3515 836 3591 ipsius
863 3511 983 3590 Epicuri
1010 3511 1118 3590 verbis,
