2500 3882
291 847 294 854 ’
406 893 448 979 u.
473 891 697 978 nuceum
730 890 853 989 cnut

267 1046 358 1142 DE
403 1044 656 1143 RERUM
700 1043 996 1142 NATURA
1041 1183 1044 1188 ,

434 1214 567 1284 omna
590 1214 829 1284 suounnus.

183 1506 289 1586 Suave,
311 1507 387 1565 mari
408 1521 513 1582 magno
534 1501 722 1564 turbantibus
746 1519 874 1581 aequora
887 1505 991 1564 'ventis

183 1612 198 1653 e
221 1601 301 1653 terra
323 1609 462 1670 magnum
484 1591 606 1652 ulterius
629 1597 762 1670 spectare
785 1589 928 1671 lahorcm3

183 1699 242 1741 non
266 1683 335 1758 quia
357 1681 457 1739 vexari
479 1685 685 1757 quemquamst
707 1679 835 1739 iucunda
856 1679 1002 1759 voiuptas,

184 1767 236 1828 sed
254 1767 453 1846 quihus‘ipso
475 1765 560 1827 malis
582 1782 683 1826 careas
707 1769 775 1845 quia
797 1783 920 1829 cernere
943 1774 1069 1829 suavest.

149 1865 272 1916 asuave
295 1857 384 1915 ctiam
405 1853 475 1914 belli
498 1856 658 1915 certamina
680 1871 785 1933 magna
805 1857 885 1916 tueri
1124 1873 1138 1911 a

183 1962 237 2023 per
260 1960 378 2022 campos
401 1943 558 2023 instructa,
580 1949 631 2002 tua
654 1944 718 2002 sine
740 1950 823 2022 parte
846 1943 962 2023 pericli:
1124 1958 1138 2000 s

184 2031 237 2092 sed
259 2031 307 2092 nil⁴
324 2029 439 2091 dulcius
463 2038 521 2112 est,
543 2031 619 2091 hene
642 2048 730 2109 quam
753 2032 866 2091 munita
887 2039 989 2092 tenere

185 2119 262 2182 edita
285 2118 418 2179 doctrina
441 2121 607 2199 sapientum
628 2118 738 2198 templa
760 2137 878 2200 serena,

184 2209 336 2287 despicere
359 2207 437 2268 unde
461 2226 551 2287 queas
574 2207 646 2268 alios
667 2208 836 2287 passimque
859 2207 958 2268 videre

134 2304 166 2353 10
185 2314 285 2357 errare
309 2302 395 2375 atque
418 2297 495 2356 riam
516 2295 641 2375 palantis
664 2313 806 2374 quaerere
828 2297 918 2377 vitae,

185 2392 298 2445 certare
320 2386 452 2464 ingenio,
476 2384 654 2445 contendere
677 2382 842 2464 nobilitate,

184 2479 286 2533 noctes
309 2479 395 2550 atque
419 2472 483 2532 dies
505 2474 561 2532 niti
582 2477 749 2550 praestante
772 2470 871 2532 labore

185 2560 221 2620 ad
245 2577 373 2620 summas
397 2577 548 2638 emergere
572 2577 642 2638 opes
665 2577 823 2638 rerumque
846 2561 944 2638 potiri.

185 2649 349 2707 omiseras
371 2646 525 2707 hominum
546 2653 675 2727 mentes,
698 2666 714 2707 o
737 2655 857 2726 pectora
880 2645 979 2709 caeca!

133 2745 166 2794 15
186 2734 320 2815 qualibus
343 2734 528 2795 intenebris
551 2737 627 2795 vitae
650 2737 824 2814 quantisque
846 2735 967 2815 periclis

185 2825 302 2904 degitur
323 2822 379 2882 hoe
403 2824 467 2882 aevi
490 2819 735 2900 quodcumquest!
771 2841 868 2884 nonne
892 2823 992 2884 videre

184 2913 227 2974 nil
250 2910 327 2973 aliud
351 2909 409 2970 sibi
431 2916 565 2970 naturam
587 2910 707 2990 latrare,
729 2911 788 2970 nisi
810 2913 895 2989 utqui

186 3018 309 3080 corpore
332 3001 484 3061 seiunctus
507 2997 590 3058 dolor
612 2996 702 3078 absit,
724 3015 865 3076 mensque
889 2999 1003 3059 fruatur

186 3088 313 3149 iucundo
338 3105 439 3167 sensu,
463 3105 534 3146 cura
556 3094 668 3147 semota
690 3082 852 3163 metuque?

134 3183 168 3231 20
187 3194 255 3254 ergo
279 3193 451 3253 corpoream
474 3174 511 3234 ad
532 3182 666 3235 naturam
689 3191 781 3254 pauca
803 3174 936 3235 videmus

187 3280 251 3322 esse
276 3280 350 3341 opus
369 3264 502 3343 omnino,
526 3281 600 3341 quae
623 3262 742 3323 demant
764 3280 889 3341 cumque
912 3261 1053 3322 dolorem.

188 3347 306 3409 delicias
331 3368 447 3428 quoque
470 3352 515 3411 uti
536 3349 644 3410 multas
668 3350 856 3411 substernere
879 3353 1006 3429 possint,

188 3438 298 3513 gratius
321 3438 484 3519 interdum,
506 3456 603 3517 neque
625 3447 728 3499 natura
751 3439 816 3515 ipsa
838 3439 978 3517 requirit,

189 3525 295 3582 sinon
318 3542 406 3586 aurea
430 3533 499 3586 sunt
521 3529 659 3587 iuvenum
683 3523 839 3586 simulacra
861 3542 915 3602 per
938 3524 1025 3586 aedes
