2512 3874
144 242 208 307 154
569 239 657 294 'V

101 441 107 452 ,
213 396 295 450 muta
318 390 382 448 sine
407 405 457 448 ore
482 389 584 468 etiam,
607 388 671 447 sine
694 385 775 447 voltu
798 403 885 447 oaeoa
907 392 1038 466 reperta,

214 479 369 556 vinetaque
392 474 593 537 membrorum
615 493 670 553 per
692 481 787 536 totum
810 492 918 553 corpus
941 473 1083 554 adbaesu‚

144 581 270 630 saonae
293 566 390 626 faeere
413 571 446 625 ut
467 570 590 642 possent
613 564 770 643 quiequam
792 580 848 622 neo
870 562 978 623 cedere
1001 579 1154 640 quoquam

144 661 269 714 841666
292 655 385 713 vitare
407 651 518 713 malum
539 670 595 712 neo
619 669 736 711 sumere
760 650 839 731 quod
862 651 938 710 loret
961 668 1042 710 usus.

215 748 314 802 oetera
337 740 373 801 de
396 758 505 819 genere
527 739 584 800 hoe
606 746 737 800 monstra
761 757 794 799 aa
812 744 949 818 portenta
968 737 1098 819 creabat,
1112 760 1155 802 aas

215 830 408 909 nequiquam,
431 830 570 906 quoniam
592 834 697 888 natura
719 826 881 887 absterruit
902 833 1034 908 anatum,

215 936 271 978 neo
293 923 417 996 potuere
441 918 573 994 cupitum
596 916 700 976 aetatis
722 922 843 994 tangere
866 914 971 974 florem

146 1024 197 1073 835
216 1024 271 1066 neo
292 1006 426 1083 reperire
449 1003 548 1064 cibum
570 1021 626 1064 neo
648 1005 732 1082 iungi
753 1021 808 1082 per
829 1002 952 1064 Veneris
975 1020 1034 1064 res.

146 1102 201 1154 846
217 1092 309 1155 multa
332 1092 465 1153 videmus
489 1094 569 1153 enim
592 1089 681 1152 rebus
705 1109 883 1152 concurrere
907 1091 1029 1172 debere,

215 1189 249 1243 ut
270 1180 458 1260 propagando
481 1183 598 1259 possint
619 1179 783 1258 procudere
807 1178 915 1259 saecla3
1112 1202 1157 1243 aaa

216 1268 323 1349 pabula
344 1270 473 1348 primum
496 1275 530 1328 ut
553 1269 625 1349 sint,
649 1267 786 1346 genitalia
808 1267 915 1328 deinde
938 1283 993 1345 per
1015 1273 1100 1328 artus

218 1360 343 1438 semina,
365 1375 439 1435 quae
462 1358 578 1435 possint
600 1354 741 1416 membris
763 1373 883 1416 manare
906 1357 1044 1436 remissa,

147 1465 198 1514 840
217 1447 385 1524 seminaque
408 1451 442 1505 ut
463 1444 595 1506 maribus
618 1445 757 1522 coniungi
778 1445 873 1522 possit
896 1461 996 1524 avere,

146 1541 201 1593 851
217 1542 320 1596 mutua
342 1535 394 1613 qui
416 1540 532 1594 mutent
554 1536 633 1594 inter
656 1550 687 1593 se
710 1531 816 1609 gaudia
837 1539 972 1611 uterque.

261 1617 426 1704 llllultaque
434 1628 497 1682 tum
505 1622 654 1682 interiisse
662 1619 1155 1685 animantumsaeolaneoessestaeo

217 1728 272 1770 neo
294 1711 427 1788 potuisse
449 1708 636 1788 propagando
658 1707 823 1786 procudere
846 1706 968 1786 prolem.

217 1815 286 1858 nam
308 1814 510 1875 quaecumque
533 1796 614 1856 vides
636 1797 717 1856 vesoi
738 1794 875 1856 vitalibus
898 1797 992 1877 auris,

147 1903 200 1952 848
219 1892 269 1944 aut
291 1884 376 1945 dolus
399 1890 449 1944 aut
471 1885 564 1944 virtus
587 1890 637 1943 aut
659 1883 788 1962 denique
810 1882 958 1944 mobilitas
981 1891 1028 1945 est

147 1980 203 2032 856
217 1992 253 2033 ex
275 1974 397 2042 ineunte
420 1990 490 2032 aevo
513 1989 607 2050 genus
629 1971 659 2032 id
681 1978 774 2032 tutata
796 1989 965 2033 reservans:

218 2060 368 2138 multaque
392 2067 474 2141 sunt,
496 2058 582 2120 nobis
606 2078 642 2120 ex
665 2059 792 2120 utilitate
815 2078 867 2120 sua
890 2077 966 2138 quae
1114 2084 1156 2126 aso

219 2148 421 2210 commendata
443 2155 576 2229 manent,
597 2147 707 2208 tutelae
729 2147 836 2207 tradita
858 2155 986 2209 nostrae.

218 2239 365 2317 principio
389 2254 482 2315 genus
505 2255 571 2296 aore
594 2235 713 2296 leonum
736 2253 879 2314 saevaque
904 2235 1000 2297 saecla

149 2345 200 2396 856
218 2332 340 2386 tutatast
361 2326 469 2405 virtus,
492 2322 592 2402 volpes
615 2322 713 2405 dolus,
737 2329 767 2383 et
788 2323 857 2402 luga
879 2341 990 2384 cervos.

148 2423 203 2474 861
219 2421 248 2474 at
270 2413 431 2473 levisomna
453 2430 559 2472 canum
581 2411 639 2472 fido
663 2431 731 2472 oum
752 2418 872 2489 pectore
896 2411 996 2491 corda,

220 2508 250 2561 et
272 2519 365 2579 genus
388 2518 474 2560 omne
498 2500 576 2578 quod
600 2506 645 2560 est
668 2502 800 2560 veterino
824 2501 936 2559 semine
958 2505 1090 2579 partum,
1115 2521 1156 2562 aaa

219 2589 425 2667 lanigeraeque
450 2586 537 2648 simul
559 2587 689 2666 pecudes
712 2595 742 2648 et
764 2585 872 2647 buoera
899 2585 994 2647 saecla

220 2679 318 2736 omnia
341 2683 411 2735 sunt
431 2675 596 2737 hominum.
606 2675 716 2736 tutelae
738 2675 858 2755 tradite,
880 2674 1012 2735 Memmi:

150 2782 201 2835 855
220 2782 288 2824 nam
310 2763 416 2841 cupide
439 2764 541 2842 lugere
563 2765 654 2844 feras,
676 2781 838 2842 pacemque
862 2769 963 2824 seouta

149 2863 206 2914 866
221 2858 290 2914 sunt
313 2858 343 2912 et
364 2849 443 2930 larga
467 2870 521 2911 suo
545 2854 609 2912 sine
631 2850 739 2930 pabula
761 2857 845 2928 parta
866 2849 980 2931 labore,

221 2939 422 3021 quae·damus
445 2938 580 3000 utilitatis
603 2957 706 3000 eorum
728 2941 859 3017 praemia
882 2956 977 3000 oausa.
1116 2961 1157 3002 oro

221 3036 250 3090 at
273 3029 339 3107 quis
362 3025 406 3086 nil
427 3027 533 3086 horum
554 3026 660 3087 tribuit
682 3033 800 3107 natura,
823 3044 878 3087 neo
901 3029 966 3105 ipsa

221 3123 324 3195 sponte
348 3133 401 3175 sua
424 3121 546 3193 possent
568 3122 601 3174 ut
623 3116 721 3175 vivere
744 3132 799 3174 neo
823 3113 893 3174 dare
917 3112 1002 3174 nobis

151 3222 203 3272 866
221 3203 377 3265 utilitatem
402 3201 543 3283 aliquam,
566 3220 657 3281 quare
679 3209 848 3280 pateremur
871 3219 973 3263 eorum

150 3301 203 3352 871
220 3290 368 3369 praesidio
392 3297 494 3351 nostro
516 3293 599 3370 pasoi
621 3308 714 3368 genus
738 3308 863 3368 esseque
886 3298 995 3371 tutum,

221 3376 347 3456 seilicet,
370 3377 443 3438 haec
467 3378 532 3439 aliis
554 3377 680 3458 praedae
702 3376 844 3456 lucroque
868 3378 1003 3439 iacebant
1117 3399 1156 3442 svs

220 3463 392 3540 indupedita
415 3467 477 3525 suis
501 3465 637 3528 fatalibus
661 3468 758 3526 omnia
780 3465 898 3546 vinclis,

220 3549 314 3608 donec
337 3549 373 3609 ad
396 3553 549 3614 interitum
573 3571 666 3632 genus
688 3554 719 3613 id
742 3560 847 3614 natura
868 3551 1019 3634 redegitss
