2512 3874
131 197 223 254 xvm
495 161 776 254 rnomocumu.

133 344 286 406 oiienduut
312 347 356 405 eis
383 344 614 427 adnumeranda,
642 345 750 426 quihus
778 343 943 406 declaratur
968 344 1145 408 LucretIum

133 451 253 494 carmen
280 432 317 493 de
339 451 440 494 rerum
467 441 570 496 natura
597 451 657 494 uon
679 433 849 514 perfecisse.
893 436 1036 496 maiorem
1058 436 1144 495 enim

133 521 250 584 illarum
278 523 466 583 iterationum
493 529 607 601 partem
635 529 728 583 ortam
756 539 835 602 esse,
865 540 932 582 cum
954 529 1040 601 poeta
1062 522 1142 584 rele-

133 616 216 688 geret
238 628 312 689 quae
336 617 402 670 ante
426 612 594 691 scripserat,
617 611 679 671 veri
701 616 748 670 est
765 607 955 671 simillimum.
991 612 1051 671 iam
1067 629 1143 672 vero

132 698 217 758 facile
240 697 374 760 accidere
396 704 495 776 potest
517 705 558 778 ut,
584 699 610 758 si
633 699 700 777 quis
723 699 755 758 iu
777 699 887 758 maiore
911 699 1041 759 carmine
1064 701 1141 759 scri-

131 785 228 847 hendo
251 785 371 864 lougnm
392 803 448 864 per
469 792 585 864 tempus
608 803 728 866 operam
751 793 916 867 consumat,
938 792 1053 866 partem
1074 804 1140 848 car-

132 876 221 935 minis
245 873 380 951 relegeus
402 891 436 933 ea
459 873 575 955 adiciat,
600 891 675 952 quae
697 882 731 934 ut
753 892 857 952 parum
879 881 945 953 apta
968 873 1142 936 sublaturus

132 964 184 1042 sit,
211 961 265 1021 ubi
290 967 385 1022 totum
411 961 568 1042 perlegens
595 962 632 1022 ad
660 979 727 1022 eum
754 962 852 1023 locum
878 963 1008 1023 redierit.
1059 963 1139 1041 quod

131 1049 206 1110 mihi
224 1051 282 1130 ipsi
299 1051 332 1110 in
350 1049 531 1110 carminibus
550 1049 717 1110 scribendis
733 1049 876 1112 accidisse
894 1049 1022 1111 libenter
1035 1051 1139 1112 fateor.

131 1140 229 1216 possis
248 1139 347 1218 igitur,
366 1145 450 1199 caute
470 1144 500 1198 et
518 1139 732 1218 circumspecte
746 1137 889 1218 iudIcanS,
908 1137 1006 1199 dicere
1019 1145 1139 1219 poetam

132 1224 178 1284 vel
200 1227 356 1286 immatura
373 1233 468 1288 morte
491 1225 538 1287 vel
559 1227 663 1287 morbo
686 1225 784 1306 aliquo
803 1228 936 1305 graviore
954 1227 1139 1307 prohIhitum

132 1312 238 1395 videri,
279 1316 436 1392 quominus
471 1323 606 1393 poemata
644 1333 696 1376 sua
732 1315 868 1376 ultimum
903 1321 1066 1376 retractans
1103 1333 1139 1375 ea

132 1399 249 1463 tolleret
275 1409 325 1463 aut
356 1401 539 1484 emendaret,
566 1421 641 1481 quae
668 1410 779 1463 temere
801 1403 848 1463 vel
871 1409 950 1464 certe
972 1421 1077 1482 parum
1100 1403 1138 1463 ad

131 1507 196 1550 rem
217 1489 371 1550 attendens
390 1489 554 1550 adiecisset.
591 1507 660 1568 ergo
683 1489 780 1550 nullae
803 1508 943 1552 versuum
964 1493 1138 1552 iterationes

132 1576 277 1638 tollendae
310 1582 391 1658 sunt,
423 1580 482 1637 nisi
514 1595 578 1656 eae,
615 1594 690 1656 quae
721 1577 758 1636 ah
789 1578 854 1656 ipso
886 1584 973 1655 poeta
1004 1596 1041 1638 ne
1073 1586 1139 1639 tum

133 1665 265 1746 quidem,
301 1682 368 1724 cum
404 1665 480 1725 forte
511 1682 616 1745 parum
648 1663 829 1746 attendebat,
864 1665 1019 1725 videantur
1048 1683 1138 1743 posse

131 1751 280 1832 proiectae
303 1769 378 1812 esse.

221 1839 279 1900 Sed
306 1843 366 1900 iam
391 1839 546 1901 redeamus
574 1838 610 1900 ad
632 1837 863 1900 Lachmannum:
890 1839 939 1900 hic
963 1842 1041 1900 enim
1065 1842 1136 1919 quid

132 1931 164 1988 in
191 1927 311 1989 Lucreti
343 1930 471 1989 carmine
500 1927 681 1988 emendando
708 1927 869 1989 tenendum
896 1934 926 1988 et
953 1929 1136 2008 sequendum

133 2017 295 2096 censuerit,
318 2023 384 2076 ante
408 2017 505 2076 omnia
528 2014 687 2076 videndum
709 2023 739 2076 et
760 2015 1003 2096 perpendendum
1026 2018 1091 2077 erit.

219 2103 352 2165 Primum
378 2105 481 2185 igitur,
508 2102 545 2164 de
572 2110 634 2166 arte
661 2105 797 2184 metrica,
824 2111 904 2165 recte
931 2103 1136 2165 Lachmanuus

133 2193 284 2254 contendit
305 2191 476 2253 Lucretium
502 2211 605 2254 versus
628 2191 664 2253 ad
687 2191 819 2271 regulam
841 2199 871 2253 et
893 2194 1034 2254 amussim
1057 2210 1135 2253 com·

131 2283 280 2362 posuisse,
313 2281 349 2341 ci.
377 2299 480 2340 comm.
508 2299 536 2359 p.
561 2277 616 2361 75,
645 2297 851 2358 summumque
878 2279 970 2341 fuisse
997 2298 1134 2342 versuum

132 2371 288 2448 artificem,
310 2387 338 2447 p.
363 2365 440 2429 323:
463 2367 515 2428 sed
537 2368 630 2449 idem,
652 2370 740 2429 nimis
764 2370 858 2449 regie,
882 2371 995 2450 opinor,
1016 2366 1134 2428 Lucreti

132 2463 226 2516 artem
254 2455 413 2517 artioribus
441 2455 658 2516 circumscribit
684 2455 805 2516 linibus:
838 2475 895 2535 qua
921 2459 953 2516 iu
975 2474 1008 2516 rc
1031 2473 1134 2516 vereor

131 2551 165 2605 ut
192 2545 263 2604 satis
287 2542 345 2604 sihi
368 2550 494 2603 constet:
520 2561 612 2603 unum
635 2545 714 2603 euim
736 2562 855 2604 versum
876 2544 1133 2624 hypermetruma

131 2631 268 2693 Lucretio
296 2632 439 2710 scriptum
466 2648 525 2690 non
551 2637 650 2710 negat,
677 2649 769 2692 uuum
796 2650 915 2692 versum
941 2634 973 2692 iu
998 2637 1133 2710 quattuor

131 2720 279 2799 spondeos
311 2726 467 2780 exeuntem
497 2725 597 2797 negat:
630 2720 729 2798 itaque
762 2719 797 2779 ad
824 2719 842 2780 l.
869 2719 909 2779 III
940 2737 1043 2780 versus
1072 2716 1131 2780 198

131 2808 253 2870 alteram
283 2815 397 2887 purtem
428 2806 673 2886 corrumpendam
705 2809 821 2886 signum
853 2807 947 2888 dedit,
979 2825 1073 2887 neque
1100 2824 1131 2866 rc

130 2903 295 2978 perspecta,
317 2914 385 2956 nam
408 2892 572 2975 spicarum,
595 2897 703 2974 quippe
727 2914 801 2975 quae
823 2913 943 2974 asperae
964 2897 1032 2976 siut,
1054 2913 1131 2954 meu-

131 2987 211 3045 tioue
239 3002 340 3045 carere
368 3001 427 3044 non
453 3001 624 3065 possumne,
655 3002 751 3062 neque
779 2982 898 3044 Lucreti
924 3001 973 3044 res
1000 2983 1131 3062 rhythmo

131 3072 310 3151 depingendi
328 3074 400 3132 artis
418 3090 540 3152 memor,
558 3074 643 3132 cuius
661 3071 894 3132 luculentissima
912 3070 1045 3150 exempla
1058 3071 1130 3131 hunc

131 3163 229 3239 ipsum
265 3178 383 3221 versum
419 3160 608 3242 antecedunt,
645 3159 680 3220 ci.
715 3158 813 3239 philol
846 3159 938 3220 XXIII
970 3155 1049 3240 567,
1083 3158 1130 3219 uhi

130 3255 230 3310 tamen
256 3246 357 3328 spicue
383 3249 455 3310 falso
482 3251 693 3327 interpretatus
722 3266 800 3328 sum,
831 3247 930 3327 philol.
958 3246 1060 3306 XXVII
1084 3243 1129 3326 33,

130 3356 197 3399 ann.
220 3337 335 3398 Lucret.
361 3334 445 3400 1873
468 3354 496 3415 p.
521 3333 614 3396 1119.
660 3354 720 3396 non
747 3337 871 3417 rectius,
900 3337 1018 3416 opInor,
1045 3335 1129 3395 Lach-

130 3445 256 3488 mannus
270 3426 287 3488 l.
301 3426 338 3486 IV
353 3443 469 3487 versum
485 3421 546 3488 741
562 3431 665 3505 mutat,
683 3443 721 3484 ue
735 3423 890 3485 Lucretius
909 3422 1002 3483 semel
1014 3423 1129 3484 verbum

149 3516 289 3576 >¹mhicum
311 3512 431 3574 eliserit.
474 3513 542 3592 quid
566 3531 645 3595 vero,
669 3511 747 3592 quod
770 3511 849 3573 idem
873 3512 950 3591 apud
967 3510 1129 3572 Lucretium
