2512 3874
141 237 204 302 158
480 209 485 218 ’
628 235 655 288 v

158 401 210 451 9⁷5
273 383 334 444 Nec
356 385 449 444 nimio
471 389 533 442 tum
557 381 624 461 plus
648 401 736 460 quam
758 400 838 442 nunc
860 382 995 442 mortalia
1018 381 1117 442 saecla

229 472 326 532 dulcia
347 470 522 550 linquebant
543 469 680 530 lamentis
702 469 815 530 lumina
836 471 921 530 vitae.

229 579 307 621 nnus
330 563 411 620 enim
432 566 495 618 tum
518 561 644 636 quisquc
666 561 760 636 magis
782 559 947 637 deprensus
970 576 1074 618 eornm
1110 580 1154 620 999

184 649 190 660 “
228 647 336 728 pabula
356 650 421 707 viva
443 647 517 706 feris
539 645 712 725 praebebat,
734 646 873 706 dentibus
895 647 1031 725 haustus,

159 742 214 796 990
230 745 261 796 et
282 753 403 796 nemora
425 753 460 795 99
481 737 591 794 montis
614 737 725 812 gemitu
748 733 894 812 silvasque
917 733 1063 813 replebat,

160 839 212 890 989
230 825 295 884 viva
317 823 420 882 videns
441 825 507 882 vivo
531 821 652 900 sepeliri
673 825 788 882 viscera
809 821 906 882 busto.

230 919 261 971 et
283 929 357 989 quos
379 910 521 988 effugium
544 916 675 970 servarat
696 927 820 988 corpore
843 910 945 989 adeso,

230 1000 380 1078 posterius
401 997 543 1058 tremulas
567 1016 657 1075 snper
678 996 779 1057 ulcera
801 1005 878 1057 tetra
899 1004 1037 1058 tenentes
1112 1019 1154 1058 999

229 1085 340 1166 palmas
362 1086 519 1146 horriferis
542 1085 676 1145 accibant
697 1085 819 1146 vocibus
842 1084 966 1166 Orcum,

159 1182 215 1235 995
229 1175 358 1253 donique
381 1193 433 1234 eos
457 1176 514 1234 vita
535 1175 688 1251 privarunt
709 1177 840 1233 vermina
864 1192 962 1253 saeva,

160 1279 212 1330 oss
231 1265 361 1342 expertis
384 1263 462 1343 opis,
485 1264 603 1340 ignaros
626 1262 696 1340 qnid
719 1260 839 1321 volnera
861 1261 978 1320 vellent.

230 1359 261 1411 at
281 1369 342 1411 non
364 1350 456 1410 multa
478 1352 575 1409 virum
598 1349 653 1408 snb
676 1350 768 1426 signis
791 1349 872 1408 milia
895 1349 982 1409 ducta

229 1457 289 1499 nna
312 1438 376 1499 dies
398 1437 486 1497 dabat
508 1439 612 1517 exitio,
632 1455 689 1497 nec
710 1435 830 1497 tmbida
851 1439 936 1515 ponti
1098 1458 1154 1498 aooo

230 1544 358 1604 aequora
380 1524 520 1604 lligebant
542 1527 624 1585 navis
647 1524 683 1583 ad
707 1542 776 1583 saxa
797 1527 946 1602 virosque.

142 1620 217 1671 1000
229 1613 279 1674 hic
300 1621 413 1673 temere
435 1615 467 1672 in
490 1630 606 1672 cassum
629 1611 739 1671 lrnstra
761 1630 843 1672 mare
866 1631 955 1691 saepe
979 1619 1115 1673 coortum

161 1718 212 1767 999
231 1699 361 1760 saevibat
382 1699 545 1777 leviterque
567 1701 663 1758 minas
686 1698 813 1777 ponebat
835 1702 946 1779 inanis,

230 1805 286 1847 nec
308 1793 423 1864 poterat
446 1804 622 1865 quemquam
644 1786 753 1864 placidi
774 1786 899 1864 pellacia
921 1790 1006 1866 ponti

232 1872 354 1934 subdola
374 1869 514 1953 pellic'ere
537 1875 570 1932 in
592 1873 724 1933 fraudem
748 1873 915 1934 ridentibus
937 1875 1035 1935 undis.
1099 1894 1152 1937 1⁰⁰5

230 1955 240 2043 ll
252 1960 386 2040 improba
409 1963 516 2038 navigii
537 1963 613 2020 ratio
635 1968 699 2021 tnm
722 1979 809 2022 caeca
830 1959 983 2042 iacebatfl

141 2057 216 2108 1005
231 2057 296 2110 tum
317 2051 442 2128 penuria
464 2049 572 2108 deinde
595 2048 655 2108 cibi
677 2047 846 2127 languentia
867 2049 928 2110 leto

161 2152 212 2203 995
231 2136 364 2197 membra
386 2135 486 2215 (labat,
509 2143 612 2196 contra
633 2154 713 2196 nunc
735 2155 837 2196 rernm
859 2141 944 2216 copia
966 2148 1086 2197 mersat

230 2224 274 2285 illi
296 2225 490 2303 inprudentes
512 2226 570 2303 ipsi
593 2223 651 2283 sibi
674 2242 762 2302 saepe
784 2243 933 2285 venenum

229 2311 402 2392 vergebant,
425 2330 504 2372 nnnc
527 2311 598 2371 dant
619 2307 695 2372 aliis
717 2310 867 2372 sollertius
890 2315 998 2391 ipsum.
1098 2335 1150 2374 1010

272 2399 344 2460 Inde
368 2417 450 2460 casas
471 2407 628 2479 postquam
651 2416 685 2458 ac
707 2398 794 2477 pellis
816 2401 976 2477 ignemque
999 2407 1149 2478 pararunt,

140 2493 214 2544 1010
230 2494 260 2547 et
282 2487 391 2548 mulier
412 2489 568 2547 coniuncta
589 2488 653 2545 viro
676 2489 823 2547 concessit
846 2489 878 2546 in
900 2505 995 2547 unum

634 2592 653 2629 ss

142 2677 211 2728 1000
229 2664 346 2738 cognita
369 2669 450 2740 sunt,
471 2661 644 2740 prolemque
668 2679 704 2721 ex
727 2679 759 2721 se
782 2663 884 2722 videre
908 2669 1051 2744 creatam,

228 2756 293 2808 tum
315 2765 408 2825 genus
429 2748 591 2809 humanum
613 2750 743 2826 primum
765 2748 941 2811 mollescere
965 2753 1071 2830 coepit.

228 2837 306 2913 ignis
330 2837 409 2896 enim
433 2838 546 2895 curavit
566 2843 599 2896 ut
622 2835 693 2894 alsia
717 2853 841 2915 corpora
863 2838 958 2916 frigus
1095 2856 1149 2897 rore

228 2924 351 2983 nonita
374 2924 433 2982 iam
455 2929 577 3001 possent
600 2921 674 2983 caeli
696 2923 752 2983 sub
775 2927 905 3002 tegmine
928 2926 1022 3005 ferre,

140 3016 214 3067 1015
230 3017 260 3069 99
281 3009 379 3070 Venus
402 3012 542 3069 inminuit
563 3011 649 3089 viris,
671 3013 817 3090 puerique
839 3021 999 3090 parentum

143 3111 212 3161 1005
230 3096 381 3157 blanditiis
403 3096 490 3157 facile
512 3099 665 3174 ingenium
686 3097 802 3176 fregere
826 3100 999 3179 superbum.
1047 3151 1049 3156 .

229 3189 300 3242 tnnc
323 3191 354 3244 et
375 3186 535 3245 amicitiem
558 3192 720 3262 coeperunt
742 3187 866 3264 iungere
891 3197 1013 3249 aventes

229 3269 347 3328 finitimi
369 3273 449 3330 inter
471 3289 503 3330 se
526 3289 582 3330 nec
603 3269 720 3331 laedere
743 3289 799 3333 nec
817 3273 936 3356 violari,
1094 3295 1148 3336 nso

230 3360 260 3412 et
281 3371 390 3430 pueros
414 3356 656 3416 commendarunt
678 3357 884 3438 muliebreque
908 3363 1051 3443 saeclum,

142 3445 218 3496 1020
229 3438 351 3499 vocibus
374 3449 404 3501 99
426 3449 512 3519 gestu
533 3461 602 3503 cum
624 3443 709 3503 balbe
732 3447 935 3523 significarent

140 3537 212 3672 'qo
229 3523 445 3588 imbecillorum
468 3547 533 3588 esse
557 3547 684 3607 aequum
706 3533 878 3593 misererier
902 3539 1007 3596 omnis.
