2512 3874
113 239 176 304 182
597 239 636 294 VI

113 403 164 454 aaa
184 393 304 466 pectore
326 387 453 467 pertixo,
476 386 622 448 documen
644 385 818 447 mortalibus
841 405 922 469 acre,

184 482 214 535 et
236 477 335 553 potius
359 473 439 534 nulla
463 473 521 534 sibi
543 476 625 553 turpi
647 477 785 535 conscius
808 477 840 535 in
862 493 896 535 rc

183 561 309 622 volvitur
332 565 363 621 in
385 562 512 622 flammis
534 564 672 622 innoxius
695 564 785 640 inque
807 563 928 641 peditur

113 657 168 709 395
184 649 302 710 turbine
327 649 447 710 caelesti
469 648 567 710 subito
591 657 745 729 correptus
769 656 799 710 et
820 647 904 728 igni?
1083 673 1125 716 005

184 757 238 800 cur
262 740 350 798 etiam
373 737 437 798 loca
460 737 521 798 sola
544 744 649 816 petunt
671 739 840 817 frustraque
863 735 1018 798 laborant?

113 843 166 893 390
185 846 222 887 an
244 832 308 887 tum
330 825 468 886 bracchia
491 834 690 886 consuescunt
712 827 889 905 firmantque
912 824 1061 888 lacertos?

185 917 217 974 in
238 921 376 992 terraque
399 917 493 992 patris
516 933 570 974 cur
592 913 684 975 telum
706 917 914 993 perpetiuntur

185 999 331 1081 optundi?
367 1021 421 1062 cur
443 1004 507 1082 ipse
531 1004 614 1081 sinit,
637 1020 734 1080 neque
757 1005 853 1080 parcit
874 1005 907 1062 in
928 999 1046 1064 hostis?

114 1098 167 1148 404
184 1093 215 1150 in
238 1109 319 1150 mare
343 1109 400 1169 qua
423 1109 512 1169 porro
534 1092 625 1150 mittit
648 1087 784 1150 ratione?
820 1091 892 1168 quid
914 1091 1008 1151 undas
1083 1115 1126 1155 roe

114 1185 169 1236 405
186 1181 282 1257 arguit
305 1185 335 1239 et
357 1178 498 1256 liquidam
520 1177 629 1238 molem
652 1196 830 1258 camposque
853 1175 1004 1239 natantis?
1082 1203 1125 1243 coc

115 1283 166 1332 395
186 1266 314 1344 denique
337 1285 392 1326 cur
413 1285 574 1345 numquam
596 1265 677 1326 caelo
700 1268 770 1326 iacit
792 1266 923 1345 undique
945 1285 1021 1345 puro
1081 1291 1125 1331 eoo

114 1354 316 1433 4011uppiter
339 1357 370 1414 in
392 1361 488 1414 terras
511 1353 622 1414 fulmen
645 1356 819 1432 sonitusque
842 1351 1016 1432 profundit?

185 1461 223 1502 an
246 1442 334 1502 simul
357 1461 390 1503 ac
412 1441 507 1504 nubes
530 1460 715 1522 successere,
737 1444 802 1520 ipse
825 1444 857 1501 in
879 1460 929 1502 eas
952 1450 1016 1503 tum

185 1531 350 1612 descendit,
373 1549 466 1609 prope
489 1537 523 1600 ut
545 1531 614 1590 hinc
636 1529 890 1590 teli-determinet
912 1527 1011 1590 ictus?
1082 1553 1124 1593 eoa

114 1625 170 1676 400
186 1626 339 1698 praeterea
362 1621 388 1678 si
410 1618 473 1678 vult
495 1636 648 1679 caveamus
671 1617 803 1678 fulminis
821 1620 927 1698 ictum,
1082 1642 1125 1682 400

115 1722 167 1772 400
186 1725 240 1767 cur
263 1705 377 1766 dubitat
398 1706 495 1766 facere
518 1713 552 1765 ut
573 1707 722 1784 possimus
735 1724 868 1766 cernere
891 1702 1037 1767 missum?

187 1797 213 1853 si
234 1795 439 1871 necopinantis
462 1799 566 1852 autem·
582 1793 642 1852 volt
665 1795 832 1871 opprimere
856 1795 931 1874 igni,

187 1899 241 1942 cur
262 1887 344 1940 tonat
367 1899 402 1940 ex
426 1879 475 1940 illa
498 1887 594 1961 parte,
616 1887 650 1941 ut
671 1883 764 1940 vitare
788 1899 942 1962 queamus,

115 1977 169 2028 410
187 1988 240 2029 cur
262 1967 400 2028 tenebras
424 1974 495 2036 ante¹
514 1975 544 2028 et
566 1969 702 2028 fremitus
725 1975 755 2028 et
776 1987 929 2029 murmma
950 1965 1068 2030 concil?
1082 1993 1124 2032 uo

186 2065 216 2117 et
239 2056 327 2116 simul
349 2059 380 2116 in
403 2055 510 2116 multas
532 2059 626 2135 partis
650 2059 701 2134 qui
724 2057 845 2116 credere
869 2059 966 2135 possis

115 2162 168 2212 405
185 2142 326 2205 mittere?
362 2163 400 2204 an
427 2145 482 2204 hoc
510 2147 591 2205 ausis
613 2163 774 2222 numquam
797 2144 975 2205 contendere
998 2145 1125 2226 factum,

186 2241 219 2294 ut
242 2235 348 2293 fierent
369 2235 447 2293 ictus
469 2249 529 2292 uno
553 2231 608 2292 sub
630 2241 765 2311 tempore
788 2229 910 2310 plures?

187 2329 216 2382 at
240 2327 356 2399 saepest
379 2338 502 2381 niemero
525 2320 634 2380 factum
657 2321 781 2398 fierique
805 2326 969 2400 necessest,

115 2416 169 2467 415
185 2417 218 2470 ut
240 2408 342 2487 pluere
365 2410 397 2474 in
419 2407 521 2468 multis
543 2407 713 2486 regionibus
738 2415 768 2467 et
791 2407 896 2468 cadere
910 2408 1037 2489 imbris,
1082 2431 1127 2472 41⁶

187 2497 309 2558 fulmina
333 2498 376 2556 sic
399 2515 458 2557 unc
482 2496 548 2557 fieri
562 2495 625 2556 sub
648 2503 781 2574 tempore
803 2494 903 2555 multa.

115 2601 167 2651 410
185 2591 335 2664 postremo
360 2603 414 2644 cur
436 2591 537 2644 sancta
560 2583 648 2644 deum
671 2582 793 2644 delubra
816 2601 943 2662 suasque

186 2673 309 2732 discutit
331 2671 439 2732 infesto
463 2671 627 2750 praeclaras
651 2670 773 2731 fulmine
796 2670 882 2731 sedes

186 2768 216 2822 et
238 2760 314 2820 bene
336 2760 412 2820 facta
435 2759 524 2820 deum
546 2760 655 2836 frangit
678 2758 833 2819 simulacra
856 2761 978 2836 suisque

114 2856 172 2908 420
184 2849 277 2909 demit
299 2848 477 2926 imaginibus
500 2847 628 2908 violento
651 2845 770 2906 volnere
793 2842 958 2906 honorem?
1082 2870 1126 2910 iao

186 2937 302 3015 altaque
325 2955 379 2997 cur
401 2935 576 3016 plerumque
598 2936 673 3013 petit
696 2934 772 3014 loca,
794 2933 980 3013 plurimaque
1003 2936 1068 2994 eius

114 3039 167 3089 415
185 3024 336 3084 montibus
359 3027 391 3083 in
414 3025 537 3083 summis
560 3024 683 3099 vestigia
706 3022 856 3082 cernimus
879 3018 978 3099 ignis?

229 3112 314 3183 Quod
338 3117 486 3190 superest,
510 3109 623 3169 facilest
645 3128 682 3169 ex
704 3109 751 3168 his
775 3127 955 3186 cognoscere
977 3107 1082 3189 rebus,

185 3205 335 3278 presteras
359 3199 428 3258 Grai
451 3215 525 3276 quos
549 3195 585 3256 ab
608 3215 640 3256 re
663 3198 890 3277 nominitamnt,

114 3295 169 3346 425
185 3290 217 3346 in
239 3303 321 3346 mare
345 3304 402 3365 qua
424 3287 509 3345 missi
532 3286 652 3344 veniant
673 3287 787 3344 ratione
811 3301 948 3364 superne.
1082 3307 1126 3348 na

186 3393 253 3434 nam
276 3374 309 3432 frt
330 3381 364 3433 ut
386 3373 536 3433 interdum
559 3379 707 3451 tamquam
731 3372 859 3433 demissa
882 3372 1017 3434 columna

114 3478 167 3526 400
187 3465 218 3521 in
239 3478 321 3520 mare
345 3461 380 3520 de
404 3459 484 3520 caelo
508 3460 680 3539 descendat,
704 3479 791 3539 quam
815 3461 889 3522 freta
912 3463 1025 3522 circum

186 3550 354 3608 fervescunt
376 3550 504 3624 graviter
527 3547 707 3627 spirantibus
731 3550 820 3609 incita
844 3548 958 3630 flabris,
