2512 3874
620 240 660 297 VI
1079 247 1142 312 181

208 389 430 469 confervefacit‚
453 407 469 449 e
493 391 592 468 parvis
615 393 685 469 quia
708 391 782 451 facta
805 393 918 451 minute

136 493 189 543 350
207 476 383 556 corporibus
405 479 450 537 vis
473 485 519 537 est
541 485 571 537 et
593 478 707 540 levibus
731 497 767 539 ex
790 478 956 560 elementis,

135 572 190 624 355
208 583 282 644 quae
307 565 391 625 facile
414 567 603 626 insinuantur
626 574 655 628 et
678 569 825 627 insinuata
848 575 970 645 repente
1105 592 1144 633 eso

207 653 373 714 dissoluont
395 654 489 714 nodos
512 657 608 715 omnis
632 662 661 715 et
683 654 778 716 vincla
800 655 939 716 relaxant.

208 749 407 819 autumnoque
430 744 524 820 magis
547 742 640 803 stellis
664 743 842 821 fulgentibus
866 751 932 822 apta

207 832 376 891 concutitur
397 829 471 890 caeli
494 830 599 890 domus
623 831 753 910 undique
776 838 896 911 totaque
919 831 1020 914 telluS,

134 935 188 984 355
207 924 237 978 et
260 936 327 978 cum
349 924 483 996 tempora
507 936 538 978 se
561 921 639 980 veris
662 919 798 979 florentia
820 920 961 998 pandunt.

134 1014 191 1065 360
207 1007 317 1084 frigore
342 1008 421 1066 enim
443 1006 550 1066 desunt
573 1010 670 1088 ignes,
693 1010 831 1085 ventique
856 1007 952 1068 calore
1105 1032 1145 1072 seo

206 1095 347 1155 deficiunt
369 1112 466 1172 neque
490 1102 559 1155 sunt
580 1102 641 1155 tam
664 1095 755 1156 denso
780 1114 903 1174 corpore
926 1096 1029 1157 nubes.

206 1185 426 1261 interutrasque
448 1184 539 1260 igitur
562 1202 630 1243 cum
653 1184 726 1244 caeli
748 1191 882 1262 tempora
905 1192 1053 1266 constant,

205 1279 270 1331 tum
291 1273 388 1330 variae
412 1289 516 1330 causae
541 1279 721 1332 concurrunt
744 1272 876 1332 fulminis
900 1290 1016 1333 omnes:

135 1376 187 1425 300
205 1377 274 1420 nam
298 1359 391 1418 fretus
414 1361 479 1437 ipse
503 1362 574 1419 anni
595 1362 756 1438 permiscet
777 1361 871 1438 frigus
894 1362 924 1422 et
944 1367 1072 1442 aestum,

133 1455 191 1506 300
206 1456 240 1507 ut
263 1446 410 1507 discordia
431 1444 474 1508 stt
494 1465 595 1507 rerum
615 1466 780 1526 magnoque
801 1447 930 1508 tumultu
1103 1473 1142 1513 aaa

205 1534 323 1613 ignibus
347 1541 377 1595 et
398 1537 495 1594 ventis
518 1535 694 1596 furibundus
717 1535 841 1597 fluctuet
866 1541 930 1617 air,
1103 1561 1142 1602 aar

133 1631 189 1683 365
206 1640 332 1703 quorum
340 1630 499 1700 utrumqne
510 1641 584 1702 opus
594 1631 641 1684 est
648 1623 818 1684 fabricanda
828 1625 865 1684 ad
875 1623 998 1685 fulmina
1007 1624 1087 1686 nubi.
1102 1648 1143 1689 aas

204 1713 301 1790 prima
324 1710 429 1770 caloris
453 1713 533 1770 enim
555 1730 624 1790 pars
648 1719 678 1772 et
700 1720 849 1792 postrema
872 1715 980 1791 rigoris
1103 1737 1142 1778 ess

133 1816 186 1866 aas
205 1806 322 1877 tempus
344 1798 375 1858 id
399 1805 444 1858 est
467 1818 603 1882 vernum3
627 1819 718 1878 quare
741 1819 872 1879 pugnare
895 1808 1048 1863 necessest

133 1896 190 1946 370
207 1885 361 1946 dissimilis
383 1889 462 1946 inter
485 1905 517 1947 se
540 1906 588 1948 res
610 1888 791 1967 turbareque
811 1891 932 1950 mixtas:
1103 1914 1143 1954 sro

205 1982 235 2035 et
258 1973 338 2035 calor
361 1981 510 2035 extremus
533 1977 629 2054 primo
653 1995 721 2036 cum
743 1977 852 2054 frigore
875 1980 986 2038 mixtus

204 2063 343 2142 volvitur,
366 2065 500 2123 autumni
522 2063 601 2140 quod
623 2064 719 2122 fertur
739 2066 859 2124 nomine
881 2071 1012 2146 tempus,

203 2150 252 2211 bic
276 2168 393 2229 quoque
417 2149 578 2228 confligunt
599 2151 712 2211 hiemes
736 2150 896 2211 aestatibus
920 2170 1011 2214 acres,

133 2257 186 2307 370
204 2247 362 2319 propterea
382 2237 466 2316 freto
488 2245 556 2298 sunt
578 2237 650 2298 baec
674 2241 744 2299 anni
765 2240 979 2321 nominitanda3

132 2335 189 2386 375
204 2345 260 2387 nec
282 2329 432 2406 mirumst,
456 2329 487 2386 in
510 2344 546 2386 eo
570 2328 596 2386 si
619 2333 751 2405 tempore
775 2327 902 2406 plurima
925 2328 999 2388 fiunt
1101 2351 1141 2392 ero

203 2414 326 2475 fulmina
338 2421 567 2493 ,tempestasque
591 2416 686 2474 cietur
708 2414 826 2475 turbida
849 2415 943 2497 caelo,

204 2504 327 2582 ancipiti
351 2505 489 2581 quoniam
512 2501 589 2562 bello
612 2502 749 2563 turbatur
766 2506 929 2584 utrimque,

203 2591 274 2652 binc
295 2590 434 2672 flammis,
457 2590 539 2652 illino
561 2593 670 2671 sentia,
694 2610 854 2670 umoreque
877 2594 978 2652 mixto.

132 2696 185 2747 375
256 2678 319 2738 Hoc
343 2687 388 2738 est
410 2679 530 2756 igniferi
551 2686 686 2739 naturam
709 2679 843 2740 fulminis
865 2682 959 2759 ipsam

132 2775 187 2826 380
202 2769 373 2846 perspicere
397 2774 426 2827 et
449 2785 505 2845 qna
528 2769 558 2826 vi
580 2767 667 2828 faciat
690 2785 753 2827 rem
778 2787 923 2847 quamque
946 2768 1061 2850 videre,
1101 2792 1140 2832 eso

202 2873 263 2915 non
285 2855 436 2934 Tyrrhena
459 2861 539 2914 retro
562 2855 727 2915 volventem
750 2859 880 2916 carmina
904 2857 1013 2916 frustra

202 2943 311 3003 indicia
334 2942 466 3003 occultae
490 2941 588 3002 divum
612 2945 785 3021 perquirere
805 2945 927 3024 mentis,
1100 2968 1139 3008 eso

130 3037 187 3090 336
201 3030 308 3110 quidve
331 3047 452 3090 monere
476 3037 563 3108 queat
585 3029 622 3090 de
645 3030 725 3090 caelo
749 3030 881 3090 fulminis
905 3033 989 3091 ictus.
1100 3057 1139 3097 aas

130 3135 183 3187 aso
202 3119 279 3199 quod
305 3121 331 3178 si
353 3117 486 3197 luppiter
509 3124 596 3196 atque
619 3117 669 3177 alii
693 3117 834 3195 fulgentia
857 3116 917 3176 divi

200 3208 331 3269 terrifico
355 3207 490 3286 quatiunt
513 3209 611 3266 sonitu
635 3206 772 3266 caelestia
795 3204 904 3283 templa

201 3303 230 3356 et
252 3298 363 3356 iaciunt
385 3297 484 3374 ignem
508 3312 566 3372 quo
590 3297 748 3373 quoiquest
770 3312 896 3372 cumque
919 3292 1066 3376 voluptas,

129 3388 185 3442 390
202 3402 254 3443 cur
278 3382 384 3461 quibus
408 3385 559 3443 incautum
583 3382 679 3443 scelus
703 3381 864 3442 aversabile
889 3390 1045 3461 cumquest
1098 3406 1137 3447 eoo

200 3489 259 3530 non
282 3471 393 3531 faciunt
415 3473 468 3531 icti
489 3470 621 3531 flammas
645 3477 678 3530 ut
700 3469 826 3548 fulguris
848 3469 948 3530 balent

425 3555 626 3636 [ssa-eso]
643 3587 684 3608 =
701 3555 839 3620 ss-sr.
