2512 3874
130 234 194 298 170
616 230 643 285 V

130 397 197 446 tata
216 397 287 457 ergo
306 379 458 439 hominum
477 395 570 456 genus
588 380 621 438 in
639 395 755 439 cassum
773 379 942 456 frustraque
956 375 1071 438 laborat
1085 401 1143 440 1400

218 485 336 545 semper
358 464 444 526 01411
467 468 546 526 curis
570 469 717 526 consumit
739 465 876 526 inanibus
899 483 1013 544 aevom,

130 563 203 613 1430
219 551 372 634 nimirum,
396 555 546 632 quianon
569 556 705 632 cognovit
728 571 802 632 quae
826 555 866 613 sit
887 553 1015 614 habendi

218 644 286 704 linis
309 650 339 704 et
361 643 480 728 omnino
504 642 599 720 quoad
623 649 736 703 crescat
758 659 827 702 vera
850 640 995 720 voluptas:

219 731 307 808 idque
330 731 497 790 minutatim
520 732 609 792 vitam
631 731 766 808 provexit
788 732 820 789 in
842 728 933 790 altum

132 836 200 884 1420
220 826 250 878 et
272 817 343 878 belli
365 835 486 896 magnos
509 820 667 878 commovit
689 818 821 878 funditus
845 825 951 878 aestus.
1086 839 1143 880 1404

262 905 300 966 tt
321 905 424 984 vigiles
446 905 550 966 mundi
572 924 710 984 magnum
733 904 869 966 versatile
892 904 1034 984 templum

132 1001 203 1053 1435
220 993 263 1054 sol
286 999 316 1053 et
338 993 407 1054 luna
430 1012 483 1054 suo
507 994 666 1054 lustrantes
689 994 800 1055 lumine
823 995 935 1054 circum

220 1081 401 1161 perdocuere
423 1081 559 1142 bomines
582 1100 725 1142 annorum
748 1089 881 1160 tempora
903 1082 978 1140 verti

220 1178 250 1229 et
273 1177 352 1230 certa
375 1172 487 1229 ratione
511 1172 575 1247 geri
597 1188 661 1230 rem
684 1179 771 1248 atque
794 1169 899 1230 ordine
922 1175 1011 1228 certo.

134 1273 201 1323 1410
264 1257 325 1320 lam
348 1257 452 1318 validis
475 1260 568 1336 saepti
591 1257 736 1336 degebant
757 1257 890 1320 turribus
914 1273 1028 1336 aevom,
1073 1281 1143 1328 Ι1440

222 1354 251 1407 01
274 1346 368 1406 divisa
390 1345 539 1406 colebatur
562 1345 748 1425 discretaque
770 1346 871 1426 tellus,

133 1437 279 1494 14401010
301 1453 382 1495 mare
404 1433 536 1496 velivolis
559 1434 682 1494 florebat
703 1431 835 1496 novibus
857 1479 952 1495 .....

221 1521 329 1583 auxilia
351 1540 385 1582 ac
408 1524 504 1582 socios
527 1524 585 1582 ianr
608 1528 692 1600 pacto
716 1521 834 1582 loedere
857 1520 1015 1600 habebant,

221 1609 401 1671 carminibus
424 1628 491 1670 cum
514 1628 563 1670 res
586 1616 682 1687 gestas
706 1627 831 1687 coepero
853 1613 956 1687 poetae

134 1713 203 1763 1430
221 1697 351 1758 tradere:
374 1715 429 1756 neo
451 1696 543 1757 multo
566 1697 642 1775 priu'
665 1703 735 1756 sunt
757 1696 902 1756 elementa
924 1702 1050 1774 reperta.
1087 1717 1143 1758 1445

221 1791 378 1864 propterea
401 1783 471 1862 quid
495 1786 534 1843 sit
556 1786 640 1862 prius
663 1791 761 1845 actum
783 1786 933 1862 respicere
956 1790 1036 1843 aetas

134 1879 205 1930 1445
222 1880 322 1932 nostra
345 1873 459 1953 nequit,
482 1873 541 1932 nisi
564 1890 622 1949 qna
643 1874 718 1932 ratio
742 1874 865 1950 vestigia
886 1877 1040 1932 monstrat

265 1959 385 2038 Navigia
408 1966 495 2038 atque
519 1961 581 2036 agri
604 1959 734 2020 culturas
757 1962 873 2020 moenia
895 1959 977 2038 leges

222 2055 302 2109 arma
325 2050 386 2108 vias
408 2053 505 2107 vestes
527 2049 557 2110 el
578 2054 674 2108 cetera
698 2048 734 2108 de
757 2066 865 2127 genere
888 2048 994 2109 borum

135 2151 203 2201 1435
222 2138 365 2216 praemia,
389 2135 511 2195 delicias
533 2154 650 2214 quoque
673 2138 749 2196 vitae
773 2136 906 2198 funditus
929 2138 1038 2216 omnis,
1087 2157 1142 2198 1410

222 2226 365 2303 earmina,
387 2225 531 2304 picturas,
555 2226 586 2283 et
607 2223 726 2285 daedala
749 2227 832 2302 signa
855 2223 962 2304 polire,

135 2320 206 2370 1450
223 2331 294 2373 usus
317 2318 347 2370 01
369 2312 511 2389 impigrae
536 2311 623 2372 simul
647 2314 828 2391 experientia
851 2313 959 2372 mentis

222 2399 361 2479 paulatim
386 2398 486 2458 docuit
508 2399 719 2478 pedetemptim
742 2400 968 2478 progredientis.

223 2490 266 2546 sic
289 2505 380 2547 unum
404 2485 544 2565 quicquid
568 2487 708 2565 paulatim
731 2487 877 2565 protrahit
901 2494 980 2548 aetas

136 2591 204 2639 1440
223 2577 254 2634 in
276 2573 407 2635 medium
430 2576 564 2651 ratioque
587 2576 618 2633 in
640 2573 761 2634 luminis
784 2577 873 2653 erigit
896 2593 975 2635 oras:
1090 2597 1142 2636 1440

222 2680 347 2740 namque
372 2661 429 2721 alid
453 2661 569 2721 0410110
593 2661 755 2722 clarescere
779 2662 869 2724 cordi'
890 2663 1027 2723 videbant

134 2757 205 2808 1455
222 2749 335 2810 artibus
358 2750 394 2809 ad
418 2767 565 2810 summum
589 2750 682 2811 donec
705 2768 813 2810 venere
836 2768 985 2812 cacumen.
