2500 3882
103 217 146 281 72
586 216 625 270 ΠΙ

172 367 268 444 prima
290 365 385 424 cietur
408 365 500 444 enim,
523 365 622 442 parvis
644 363 775 441 perlecta
797 364 913 445 liguris,

174 453 242 514 inde
266 451 344 512 calor
366 459 464 513 motus
487 457 517 512 et
539 453 619 512 venti
642 469 728 511 caeca
750 458 880 530 potestas

174 541 293 620 accipit,
316 540 385 600 inde
409 539 564 621 aer31nde
588 541 685 599 omnia
709 538 925 620 mobilitantur,

174 630 341 690 concutitur
364 629 496 708 sanguis,
519 633 582 687 tum
604 629 718 687 viscera
740 630 960 705 persentiscunt

102 731 156 782 250
175 719 286 795 omnia,
308 717 466 793 postremis
490 715 576 775 datur
599 714 715 776 ossibus
738 721 825 794 atque
847 715 984 776 medullis

175 807 236 866 sive
259 803 392 881 voluptas
415 810 461 864 est
483 805 545 863 sive
568 810 614 863 est
637 805 802 863 contrarius
825 803 920 864 ardor.

175 911 230 952 nec
245 899 357 952 temere
370 890 428 951 buc
443 890 526 950 dolor
539 909 633 969 usque
647 897 745 969 potest
758 898 914 969 penetrare
929 909 1025 970 neque
1041 887 1115 952 acre

174 997 347 1060 permanare
370 978 492 1059 malum,
516 981 588 1058 quin
611 981 708 1040 omnia
730 979 942 1058 perturbentur

175 1086 270 1146 usque
293 1066 365 1127 adeo
387 1069 424 1128 ul
443 1069 519 1127 vitae
543 1066 620 1126 desit
641 1067 724 1128 locus
747 1074 834 1146 atque
857 1069 964 1128 animai

105 1171 158 1222 255
177 1155 331 1234 diffugiant
353 1162 452 1233 partes
475 1173 530 1234 per
552 1154 649 1215 caulas
673 1157 805 1233 corporis
828 1158 933 1216 omnis.

177 1244 228 1304 sed
251 1243 425 1322 plerumque
449 1243 482 1303 fit
503 1245 535 1303 in
558 1260 672 1304 summo
696 1245 781 1322 quasi
804 1262 927 1322 corpore
950 1245 1018 1304 finis

176 1332 318 1392 motibus:
340 1330 415 1391 banc
439 1331 475 1391 ob
498 1349 562 1391 rem
584 1333 673 1391 vitam
695 1333 825 1391 retinere
848 1331 986 1392 valemus.

220 1421 305 1481 Nunc
328 1438 362 1480 ea
385 1437 443 1498 quo
466 1426 550 1499 pacto
574 1421 652 1480 inter
675 1437 740 1479 sese
764 1421 896 1479 immixta
919 1419 1091 1498 quibusque

178 1517 294 1588 compta
315 1507 411 1568 modis
434 1509 551 1586 vigeant
573 1509 717 1567 rationem
739 1507 865 1567 reddere
888 1515 1021 1568 aventem

107 1614 159 1663 260
179 1597 322 1657 abstrahit
345 1598 469 1656 inritum
490 1596 580 1673 patrii
603 1597 748 1654 sermonis
771 1602 899 1674 egestas:

178 1684 230 1745 sed
252 1691 364 1763 tamen,
386 1689 420 1742 ut
441 1688 544 1761 potero
568 1685 736 1742 summatim
759 1685 915 1764 attingere,
938 1690 1064 1762 tangam.

177 1775 256 1832 inter
279 1773 358 1830 enim
381 1776 500 1830 cursant
521 1769 683 1848 primordia
705 1773 920 1850 principiorum

178 1858 306 1920 motibus
329 1860 407 1918 inter
430 1875 475 1938 se,
497 1856 540 1916 nil
562 1864 595 1917 ut
617 1861 768 1919 secernier
789 1878 881 1920 unum

177 1949 273 2027 possit
294 1964 349 2006 nec
372 1947 465 2023 spatio
488 1946 555 2005 lieri
577 1945 669 2006 divisa
691 1953 835 2027 potestas,

108 2051 160 2102 265
179 2035 231 2096 sed
254 2035 340 2113 quasi
361 2031 469 2093 multae
492 2035 536 2094 vis
559 2035 647 2094 unius
670 2037 802 2115 corporis
826 2041 933 2096 extant.

179 2123 256 2203 quod
280 2140 372 2201 genus
394 2123 427 2181 in
450 2124 553 2200 quovis
576 2125 757 2183 animantum
779 2125 891 2183 viscere
915 2121 998 2200 volgo

179 2219 226 2273 est
251 2211 324 2271 odor
351 2217 382 2271 et
406 2210 524 2290 quidam
547 2210 628 2270 color
650 2218 680 2271 et
702 2229 801 2291 sapor,
829 2219 859 2271 et
880 2218 980 2270 tamen
1003 2228 1039 2270 ex
1062 2210 1121 2272 bis

180 2299 316 2361 omnibus
340 2306 385 2359 est
406 2317 498 2359 unum
520 2299 684 2377 perlectum
707 2301 839 2377 corporis
862 2316 999 2379 augmen3

180 2391 223 2449 sio
247 2387 325 2449 calor
348 2394 434 2465 atque
457 2391 509 2447 air
531 2394 561 2447 et
583 2389 662 2447 venti
684 2405 770 2447 caeca
792 2393 921 2465 potestas

109 2493 162 2542 270
180 2479 271 2537 mixta
294 2481 395 2535 creant
416 2492 505 2535 unam
528 2481 675 2555 naturam,
698 2482 728 2535 et
749 2474 868 2534 mobilis
890 2473 939 2534 illa

180 2566 237 2645 vis,
260 2565 366 2623 initum
388 2569 486 2622 motus
509 2562 544 2622 ab
569 2580 599 2622 se
624 2580 697 2640 quae
721 2562 825 2622 dividit
847 2561 926 2642 ollis,

180 2651 307 2712 sensifer
328 2649 407 2710 unde
431 2652 525 2710 oritur
546 2651 675 2729 primum
697 2668 751 2728 per
773 2653 886 2711 viscera
907 2656 1013 2709 motus.

180 2758 248 2800 nam
271 2741 389 2818 penitus
411 2756 550 2817 prorsum
572 2737 642 2798 latet
664 2738 737 2798 baec
759 2744 862 2798 natura
885 2737 1060 2817 subestque,

181 2847 237 2889 neo
258 2829 351 2905 magis
373 2827 428 2886 bac
451 2826 527 2886 infra
550 2828 735 2905 quicquamst
757 2829 788 2886 in
811 2844 933 2905 corpore
957 2832 1075 2906 nostro,

110 2935 162 2983 275
180 2925 267 2996 atque
291 2917 415 2975 animast
438 2917 550 2974 animae
573 2932 717 2993 proporro
739 2917 830 2975 totius
853 2917 924 2992 ipsa.

182 3005 259 3085 quod
283 3021 375 3082 genus
397 3004 429 3062 in
451 3004 561 3062 nostris
583 3002 725 3063 membris
748 3009 777 3062 et
799 3019 922 3080 corpore
944 3008 1006 3062 toto

181 3096 272 3153 mixta
294 3092 389 3151 latens
411 3092 502 3151 animi
524 3092 568 3149 vis
591 3099 637 3150 est
659 3093 831 3167 animaeque
854 3096 997 3169 potestas,

182 3179 355 3260 corporibus
378 3180 446 3256 quia
469 3178 505 3238 de
527 3181 626 3257 parvis
648 3181 807 3257 paucisque
831 3184 970 3258 creatast5

183 3271 226 3329 sic
248 3267 305 3328 tibi
327 3268 455 3326 nominis
478 3267 550 3327 baec
574 3284 679 3346 expers
702 3269 759 3346 vic,
782 3267 857 3327 lacta
880 3267 1002 3325 minutis

110 3373 164 3425 280
183 3354 368 3435 corporibus,
390 3354 461 3414 latet
484 3361 570 3433 atque
594 3356 708 3414 animae
732 3356 814 3433 qimsi
836 3355 928 3414 totius
950 3355 1014 3432 ipsa

181 3448 355 3524 proporrost
376 3444 472 3502 anima
495 3449 526 3503 et
547 3443 714 3503 dominatur
739 3461 860 3523 corpore
883 3449 954 3502 toto.

182 3528 329 3593 consimili
350 3532 464 3592 ratione
486 3538 640 3592 necessest
661 3537 765 3591 ventus
788 3539 818 3590 et
840 3535 891 3590 air
