2500 3882
91 223 133 286 36
577 224 602 277 ΙΙ

143 371 256 448 ‚prima
278 378 433 432 moventur
455 373 535 431 enim
557 388 611 448 per
634 387 666 430 se
688 369 850 448 primordia
872 388 985 451 rerum,

161 458 229 518 inde
253 476 287 518 ea
311 477 384 537 quae
408 477 497 537 parvo
521 466 589 518 sunt
612 475 735 536 corpora
758 457 913 518 conciliatu

92 555 142 602 155
161 553 191 606 et
214 549 298 625 quasi
320 549 453 625 proxima
477 553 545 606 sunt
568 545 602 605 ad
625 547 698 605 viris
720 547 947 627 principiorum,

160 634 269 694 ictibus
291 634 409 694 illorum
432 636 527 694 caecis
550 633 666 713 inpulsa
688 635 816 713 cientur,

160 724 282 801 ipsaque
304 740 448 801 proporro
471 721 557 800 paulo
580 723 691 781 maiora
713 721 869 782 lacessunt

161 811 205 870 sic
227 828 244 870 a
265 812 419 888 principiis
443 810 575 870 ascendit
597 816 694 869 motus
716 811 829 869 etexit

160 897 300 976 paulatim
322 904 438 957 nostros
462 897 498 958 ad
521 915 640 977 sensus,
661 904 695 957 ut
717 904 889 958 moveantur

94 995 143 1042 140
162 984 211 1044 illa
234 1003 364 1066 quoque,
386 988 417 1045 in
441 985 511 1045 solis
535 1003 609 1065 quae
632 985 741 1045 lumine
765 1003 887 1045 cernere
912 988 1030 1064 quimus

161 1091 217 1132 nec
239 1072 346 1150 quibus
370 1072 401 1132 id
423 1073 531 1133 iaciant
552 1072 645 1151 plagis
668 1080 789 1151 apparet
810 1080 919 1152 aperte.

206 1159 289 1220 Nunc
313 1179 386 1239 quae
409 1159 557 1220 mobilitas
581 1162 619 1220 sit
641 1161 755 1220 reddita
777 1163 912 1221 materiai

163 1247 349 1329 corporibus,
371 1250 472 1327 paucis
495 1248 565 1308 licet
585 1247 655 1307 hinc
679 1266 868 1328 cognoscere,
890 1248 1016 1310 Memmi.

162 1339 291 1416 primunr
314 1355 419 1397 aurora
441 1354 516 1396 novo
540 1353 607 1396 cum
630 1338 742 1414 spargit
763 1335 873 1396 lumine
895 1343 1004 1419 terras,

94 1431 144 1480 145
163 1431 193 1485 et
214 1427 310 1485 variae
333 1424 467 1485 volucres
490 1442 610 1484 nemora
633 1426 695 1483 avia
717 1424 925 1502 pervolitantes

163 1518 230 1572 aera
251 1531 307 1591 per
328 1519 463 1573 tenerum
486 1512 606 1591 liquidis
629 1511 693 1572 loca
715 1511 836 1571 vocibus
859 1512 991 1593 opplent,

164 1618 250 1678 quam
274 1600 371 1661 subito
395 1599 487 1660 soleat
509 1599 553 1659 sol
575 1606 658 1659 ortus
680 1607 812 1677 tempore
835 1600 886 1659 tali

163 1690 326 1747 convestire
351 1705 402 1747 sna
424 1687 604 1765 perfundens
628 1689 725 1747 omnia
747 1686 824 1768 luce,

164 1773 299 1834 omnibus
322 1777 354 1834 in
376 1782 515 1854 promptu
536 1775 782 1853 manifestumque
804 1793 870 1835 esse
893 1775 1034 1837 videmus.

96 1867 145 1914 150
164 1870 193 1922 at
215 1880 304 1940 vapor
327 1864 353 1922 is
376 1880 462 1940 quem
486 1861 530 1922 sol
552 1864 643 1922 mittit
665 1862 823 1941 lumenque
848 1881 985 1924 serenum

164 1969 223 2010 non
246 1968 300 2028 per
321 1952 407 2010 inane
430 1957 508 2010 meat
530 1968 666 2030 vacuum3
690 1970 747 2029 quo
770 1951 883 2012 tardius
906 1954 950 2012 ire
993 2021 996 2028 .

164 2040 292 2118 cogitur,
314 2040 409 2098 aerias
433 2040 517 2116 quasi
539 2037 609 2097 dum
631 2037 798 2098 diverberat
819 2039 926 2120 undas3

163 2144 219 2186 nec
242 2125 410 2204 singillatim
433 2126 606 2204 corpuscula
629 2145 761 2205 quaeque
784 2129 900 2205 vaporis

165 2214 217 2275 sed
240 2215 390 2293 complexa
411 2222 510 2274 meant
532 2216 610 2274 inter
633 2232 665 2274 sc
689 2232 803 2292 conque
826 2215 952 2296 globata,

98 2311 147 2360 155
167 2310 345 2383 quapropter
367 2302 455 2363 simul
477 2305 555 2362 inter
578 2320 609 2362 se
632 2302 823 2362 retrahuntur
846 2310 876 2363 et
897 2311 979 2363 extra

165 2392 347 2470 officiuntur,
369 2393 413 2450 uti
435 2397 576 2468 cogantur
597 2389 709 2449 tardius
732 2392 784 2451 irc.

165 2484 194 2537 at
217 2496 291 2555 quae
314 2485 383 2537 sunt
406 2477 497 2537 solida
520 2477 681 2556 primordia
704 2477 904 2559 simplicitate,

165 2583 232 2625 oum
254 2583 308 2643 per
330 2568 417 2624 inane
439 2572 538 2625 meant
559 2583 696 2644 vacuum,
718 2583 773 2626 nec
796 2584 844 2626 res
867 2575 1032 2629 remoratur

165 2652 223 2713 nlla
246 2652 331 2732 loris,
356 2659 442 2730 atque
465 2655 529 2731 ipsa
551 2655 614 2712 suis
637 2652 809 2731 apartibus
832 2673 936 2734 unum,

97 2748 147 2798 166
165 2758 270 2820 unum,
292 2742 324 2799 in
347 2758 434 2817 quem
457 2758 580 2818 coepere
603 2740 701 2800 locum
724 2743 827 2801 conixa
849 2742 997 2824 feruntur,

166 2828 286 2908 debent,
308 2829 460 2909 nimirum,
482 2827 661 2907 praecellere
686 2828 847 2889 mobilitate

165 2924 195 2977 et
216 2915 307 2976 multo
331 2917 419 2976 citius
442 2916 514 2976 ferri
537 2934 624 2994 quam
647 2915 758 2976 lumina
782 2917 852 2977 solis

165 3004 375 3083 multiplexque
398 3003 456 3064 loci
480 3007 606 3084 spatium
628 3011 832 3065 transcurrere
854 3006 958 3065 eodem

166 3099 297 3171 tempore
321 3110 378 3170 qno
402 3092 474 3152 solis
495 3093 666 3171 pervolgant
688 3093 803 3171 fulgura
827 3093 947 3154 caelum.

588 3200 605 3239 a

98 3272 146 3322 165
166 3282 221 3324 nec
242 3271 405 3343 persectari
427 3269 587 3346 primordia
611 3269 723 3346 singula
748 3287 894 3350 quaeque,

165 3358 199 3411 ut
221 3351 338 3413 videant
360 3374 416 3433 qua
440 3358 565 3434 quicque
589 3364 707 3434 geratur
730 3374 796 3417 cum
820 3360 940 3418 ratione.

96 3444 150 3494 165
214 3438 250 3496 At
273 3440 389 3516 quidam
413 3450 513 3503 contra
535 3443 621 3522 baec,
643 3446 738 3522 ignari
760 3447 906 3526 materiai,

166 3531 300 3585 naturam
321 3543 381 3586 non
402 3547 503 3610 posse,
526 3530 614 3591 deum
638 3534 701 3591 sine
724 3535 859 3611 numine,
881 3540 984 3593 rentur
