2512 3874
121 220 183 284 168
606 218 632 273 V

208 372 238 428 et
260 364 409 440 sollertius
432 375 478 428 est
499 364 591 426 multo
615 383 708 444 genus
731 382 817 424 omne
840 363 937 446 virile;

120 461 191 512 1355
208 453 353 533 agricolae
377 454 470 514 donec
492 456 563 514 vitio
586 460 702 513 1511515
725 455 834 533 severi,

121 559 190 608 1345
209 549 242 602 ut
264 541 459 602 muliebribus
482 541 511 601 id
535 540 672 601 manibus
695 540 857 600 concedere
880 538 990 612 vellent

209 637 296 709 atque
320 632 377 708 ipsi
400 631 511 708 pariter
534 629 641 690 durum
665 629 789 688 sullerre
812 627 956 708 laborem,

209 725 296 797 atque
320 735 408 796 opere
431 719 463 777 in
482 716 556 777 duro
575 713 1144 794 durarunt'membramanusque.1eao

251 805 289 866 bt
311 807 463 884 specimen
485 807 608 865 sationis
631 812 661 865 et
683 806 833 898 insitionis
856 805 938 881 origo

120 900 195 952 1360
211 896 275 972 ipsa
298 894 353 952 iuit
374 911 476 953 rerum
498 895 627 971 primum
650 899 755 953 natura
777 893 918 971 creatrix,

122 997 190 1047 1355
210 980 366 1041 arboribus
389 983 528 1060 quoniam
550 980 639 1040 bacae
662 979 841 1058 glandesque
865 979 990 1040 caducae

209 1071 382 1147 tempestiva
405 1068 514 1129 dabant
535 1068 683 1147 pullorum
706 1069 840 1128 examina
863 1074 979 1146 supter;

208 1156 286 1216 unde
310 1159 398 1216 etiam
421 1155 567 1216 libitumst
589 1158 691 1234 stirpis
714 1157 898 1216 committere
922 1155 1012 1215 ramis
1075 1177 1142 1217 1555

141 1285 144 1294 ,
209 1252 239 1304 51
261 1262 335 1304 nova
358 1243 497 1305 defodere
520 1246 684 1304 interram
706 1242 832 1321 virgulta
854 1260 909 1321 per
931 1259 1026 1320 agros.

120 1340 194 1391 1365
210 1333 279 1393 inde
303 1331 389 1392 aliam
412 1339 499 1411 atque
522 1331 609 1392 aliam
631 1330 777 1391 culturam
799 1330 893 1391 dulcis
917 1329 1003 1407 agelli

36 1441 40 1448 '
123 1437 190 1487 1355
209 1419 392 1499 temptabant
414 1420 586 1499 iructusque
609 1420 688 1478 ieros
710 1436 917 1479 mansuescere
940 1424 1051 1478 terram

210 1508 370 1569 cernebant
392 1507 571 1586 indulgendo
593 1506 758 1586 blandeque
783 1505 914 1566 colendo.

209 1599 299 1675 inque
323 1595 386 1656 dies
409 1598 503 1673 magis
526 1598 557 1655 in
579 1602 711 1654 montem
733 1593 892 1654 succedere
915 1591 1002 1653 silvas
1075 1615 1140 1656 aero

210 1683 353 1762 cogebant
374 1684 508 1761 iniraque
532 1683 629 1742 locum
652 1681 814 1742 concedere
838 1681 938 1762 cultis,

123 1779 196 1830 1370
211 1778 294 1850 prata
317 1769 398 1830 lacus
421 1772 500 1829 rivos
523 1778 639 1847 segetes
661 1772 817 1848 vinetaque
839 1768 915 1829 laeta

123 1876 191 1926 1360
211 1857 335 1919 collibus
358 1865 388 1918 et
410 1859 522 1936 campis
544 1863 577 1918 ut
599 1857 754 1938 haberent,
777 1864 863 1936 atque
887 1856 1018 1917 olearum

211 1945 327 2006 caerula
350 1945 535 2024 distinguens
558 1946 637 2004 inter
659 1943 742 2023 plaga
766 1963 886 2005 currere
908 1951 1011 2023 posset

210 2053 264 2113 per
277 2033 414 2094 tumulos
437 2040 468 2093 51
490 2032 629 2094 convallis
652 2050 830 2111 camposque
853 2033 986 2113 profusa;
1075 2055 1137 2096 1515

210 2129 244 2182 111
265 2140 345 2182 nunc
368 2140 433 2181 esse
456 2121 539 2181 vides
561 2123 641 2181 vario
665 2120 803 2181 distincta
825 2119 926 2199 lepore

122 2217 195 2269 1375
212 2213 322 2290 omnia,
345 2228 420 2288 quae
443 2211 540 2287 pomis
563 2211 698 2269 intersita
721 2207 857 2269 dulcibus
880 2214 986 2267 ornant

125 2315 192 2365 1355
212 2297 398 2377 arbustisque
422 2303 525 2356 tenent
546 2295 681 2356 felicibus
704 2298 799 2374 opsita
823 2298 944 2356 circum.

253 2385 291 2446 At
313 2385 440 2464 liquidas
463 2387 560 2444 arium
582 2401 670 2444 voces
693 2385 837 2444 imitarier
859 2401 911 2444 ore

212 2481 279 2533 ante
302 2474 358 2533 luit
379 2472 471 2532 multo
495 2490 584 2550 quam
606 2472 681 2532 levia
703 2473 834 2532 carmina
856 2478 944 2531 cantu
1076 2493 1136 2534 1555

3 2601 4 2612 t
212 2560 418 2621 concelebrare
441 2559 577 2620 homines
599 2566 722 2638 possent
744 2561 883 2637 aurisque
906 2560 1014 2619 iurare.

3 2661 5 2718 ζ
123 2655 240 2709 rescat
262 2647 395 2726 zephyri,
418 2666 487 2708 cava
509 2665 563 2725 per
586 2646 778 2726 calamorum,
801 2645 887 2706 sibila
908 2649 1038 2725 primum

125 2753 193 2803 1315
211 2737 336 2815 agrestis
359 2734 487 2795 docuere
510 2753 595 2794 caras
616 2734 720 2794 inllare
743 2736 863 2795 cicutas.

212 2824 280 2884 inde
303 2825 470 2883 minutatim
494 2822 589 2883 dulcis
612 2821 743 2883 didicere
767 2821 925 2902 querellas,

212 2912 284 2972 tibia
308 2929 381 2990 quas
404 2910 501 2970 lundit
524 2910 625 2988 digitis
647 2909 762 2988 prdsata
785 2917 955 2989 canentum,
1077 2932 1135 2974 1555
1250 2971 1251 2984 ,

212 3003 274 3060 5115
297 3018 351 3078 551
374 3016 494 3059 nemora
518 3016 551 3057 ac
574 2997 662 3058 silvas
686 2997 836 3077 saltusque
859 3005 1005 3078 repertas,
1151 3017 1153 3024 ·

123 3086 524 3166 1335551155555515111111
548 3085 665 3145 deserta
689 3093 776 3164 atque
799 3088 857 3146 otia
881 3085 937 3146 dia.
1077 3108 1134 3148 1151

126 3174 285 3238 131511555
308 3176 422 3234 animos
445 3173 511 3233 ollis
534 3172 703 3233 mulcebant
725 3181 813 3252 atque
836 3172 974 3234 iuvabant
1078 3197 1135 3237 reso

214 3277 281 3319 cum
304 3263 406 3320 satiate
430 3260 502 3322 cibi:
525 3278 593 3320 nam
615 3268 679 3321 tum
702 3269 771 3322 sunt
794 3264 924 3323 carmina
947 3262 1036 3324 cordi.

125 3354 199 3406 1390
213 3363 300 3423 55555
323 3349 422 3425 itaque
445 3351 524 3408 inter
547 3366 579 3408 se
602 3351 744 3425 prostrati
766 3351 798 3409 in
820 3352 951 3427 gramine
974 3349 1056 3410 molli

213 3438 334 3512 propter
357 3451 449 3512 aquae
472 3438 565 3496 rivom
590 3435 645 3494 sub
668 3439 759 3496 ramis
783 3436 898 3498 arboris
920 3437 994 3499 altae

335 3567 339 3574 .
364 3518 478 3602 paee,
498 3521 597 3599 1389]
614 3549 654 3571 =
672 3520 772 3605 1452,
793 3522 887 3586 1453.
