2500 3882
602 229 628 282 Π
1071 231 1113 294 43

100 387 159 435 390
180 395 305 455 corpora
323 383 392 436 sunt
410 395 499 454 quam
512 378 548 437 de
564 377 671 455 quibus
686 385 732 438 est
744 377 842 456 liquor
856 377 950 438 almus
964 396 1114 457 aquarum.

181 472 211 526 et
235 466 366 544 quamvis
390 464 487 525 subito
509 484 564 544 per
587 465 684 526 colum
707 467 929 526 vinavidemus

180 554 340 632 perfluere:
364 559 393 612 at
416 559 518 613 contra
541 553 657 614 tardum
681 561 835 614 cunctatur
858 553 978 632 clivom,

182 649 233 702 aut
256 643 339 720 quia,
361 641 516 722 nimirum,
540 641 701 702 maioribus
725 649 771 702 est
794 641 948 703 elementis

183 737 232 790 aut
254 731 347 806 magis
370 729 494 790 hamatis
518 731 595 788 inter
619 748 650 790 se
673 748 784 808 perque
807 729 937 810 plicatis,

106 827 163 876 395
183 826 270 896 atque
293 817 359 877 ideo
383 817 416 877 lit
438 819 482 878 uti
506 836 565 877 non
588 825 646 878 tam
670 817 789 878 diducta
811 824 933 896 repente

182 909 263 966 inter
285 923 316 965 sc
339 907 456 983 possint
477 904 637 983 primordia
661 905 776 984 singula
799 925 932 985 quaeque

184 993 297 1072 singula
319 1011 374 1071 per
397 995 540 1070 cuiusque
563 994 689 1053 lormina
711 1011 893 1073 permanare.

183 1082 241 1142 buc
265 1080 378 1142 accedit
399 1083 445 1141 uti
465 1080 562 1142 mellis
584 1081 726 1160 lactisque
750 1081 881 1160 liquores

183 1170 312 1231 iucundo
337 1187 426 1230 sensu
449 1167 564 1246 linguae
588 1176 752 1230 tractentur
773 1172 806 1230 in
829 1189 893 1231 ore:

109 1268 165 1316 400
184 1266 215 1319 at
237 1265 339 1318 contra
362 1264 455 1317 taetra
479 1257 607 1317 absinthi
629 1265 733 1318 natura
757 1259 871 1336 ferique

184 1348 318 1408 centauri
341 1346 426 1406 foedo
449 1352 642 1424 pertorquent
665 1365 716 1406 ora
739 1364 857 1426 sapore3

185 1443 219 1496 ut
240 1433 325 1494 facile
348 1451 489 1511 agnoscas
513 1452 528 1492 e
552 1432 667 1494 levibus
690 1441 777 1513 atque
800 1434 938 1494 rutundis

185 1541 251 1584 esse
275 1540 405 1601 eaquae
429 1539 534 1582 sensus
557 1522 684 1582 iucunde
707 1529 827 1600 tangere
850 1529 987 1602 possunt,
1025 1567 1028 1572 ,
1073 1533 1075 1540 ’

185 1619 214 1673 at
240 1617 340 1672 contra
364 1628 438 1688 quae
463 1628 559 1670 amara
582 1617 669 1688 atque
693 1629 796 1689 aspera
820 1628 945 1689 cumque
969 1608 1118 1690 videmur,

110 1709 166 1758 405
185 1701 258 1760 baec
280 1700 373 1776 magis
394 1697 519 1758 hamatis
542 1699 620 1780 inter
646 1717 677 1758 se
700 1717 776 1759 nexa
798 1701 895 1759 teneri

185 1794 399 1868 proptereaque
423 1785 518 1846 solere
541 1788 604 1846 vias
627 1787 796 1849 rescindere
819 1789 930 1848 nostris

187 1875 323 1936 sensibus
345 1876 527 1952 introituque
551 1893 603 1935 suo
626 1894 818 1954 perrumpere
844 1893 961 1954 corpus.

187 1965 285 2024 omnia
306 1969 456 2041 postremo
479 1961 555 2022 bona
579 1963 715 2024 sensibus
739 1971 768 2024 et
789 1963 865 2024 mala
888 1970 968 2023 tactu

187 2050 325 2112 dissimili
347 2052 425 2110 inter
448 2068 479 2110 se
502 2058 633 2129 pugnant
655 2052 786 2129 perlecta
808 2052 915 2130 ligura3

113 2148 168 2198 410
187 2156 224 2200 ne
247 2146 281 2199 tu
303 2139 379 2199 forte
401 2145 488 2216 putes
512 2156 610 2198 serrae
635 2139 786 2199 stridentis
810 2138 949 2200 acerbum

186 2229 341 2288 horrorem
364 2233 498 2286 constare
522 2224 675 2286 elementis
697 2226 810 2286 levibus
834 2244 927 2304 aeque

188 2335 222 2376 ac
245 2332 364 2376 musaea
386 2313 474 2393 mele,
498 2330 553 2391 per
576 2312 700 2373 chordas
724 2316 855 2392 organici
878 2331 953 2391 quae

189 2403 348 2465 mobilibus
372 2401 471 2480 digitis
495 2401 697 2479 expergefacta
720 2401 860 2481 figurant,

188 2511 247 2553 neu
271 2490 361 2551 simili
382 2496 537 2569 penetrare
559 2496 645 2567 putes
667 2489 830 2568 primordia
852 2489 946 2549 forma

114 2589 168 2639 415
187 2583 220 2641 in
242 2596 329 2640 nares
352 2579 518 2657 bominum,
541 2595 608 2638 cum
631 2584 724 2638 taetra
747 2577 887 2638 cadavera
909 2584 1038 2658 torrent,

189 2676 309 2730 etcum
332 2685 420 2728 scena
443 2684 530 2727 croco
553 2665 637 2726 Cilici
659 2667 778 2745 perlusa
801 2684 906 2727 recens
929 2672 976 2726 est

189 2775 297 2836 araque
320 2754 488 2815 Panchaeos
512 2753 626 2814 exhalat
648 2762 770 2834 propter
794 2754 913 2836 odores,

188 2863 262 2906 nere
285 2843 378 2904 honos
401 2859 501 2902 rerum
525 2841 614 2901 simili
637 2850 772 2902 constare
796 2843 910 2904 colores

189 2935 301 2993 semine
325 2933 500 3010 constituas,
524 2929 623 2990 oculos
647 2933 698 3008 qui
720 2948 842 3009 pascere
865 2937 1003 3009 possunt,

117 3031 170 3080 420
188 3028 219 3081 et
241 3022 293 3099 qui
316 3024 507 3098 conpungunt
529 3020 623 3078 aciem
644 3017 856 3098 lacrimareque
880 3025 989 3096 cogunt

189 3116 239 3169 aut
262 3107 346 3168 loeda
369 3109 468 3186 specie
491 3105 549 3167 diri
571 3113 731 3185 turpesque
754 3106 901 3166 videntur.

188 3199 285 3258 omnis
308 3197 401 3276 enim,
425 3213 531 3254 sensus
554 3212 628 3273 quae
650 3193 761 3254 mulcet
784 3211 909 3271 cumque
929 3189 952 3271 †
970 3192 1106 3253 videntur

187 3285 259 3345 baut
282 3287 346 3344 sine
369 3277 537 3362 principiali
560 3282 656 3360 aliquo
680 3281 778 3342 levore
802 3287 942 3341 creatast:

188 3381 218 3434 at
240 3380 343 3433 contra
366 3388 566 3451 quaecumque
589 3369 713 3429 molesta
736 3376 823 3447 atque
847 3387 950 3448 aspera
975 3377 1102 3450 constat,

118 3471 169 3520 425
187 3479 247 3522 non
270 3461 369 3540 aliquo
393 3463 456 3521 sine
478 3458 618 3518 materiae
643 3457 778 3535 squalore
801 3465 956 3537 repertast.

188 3557 257 3610 sunt
280 3553 369 3610 etiam
393 3565 467 3627 quae
490 3548 547 3605 iam
571 3562 626 3604 nec
649 3543 724 3604 levia
748 3546 812 3606 iure
835 3553 977 3624 putantur
