2496 3876
441 267 723 324 Pnociccomunu
998 266 1086 323 LXIX

66 416 234 480 collocatos
252 415 314 476 Lm.
329 414 360 475 B.
374 414 427 476 Mr.
448 415 641 477 secluserunt.
660 449 703 459 -
723 413 787 478 532
798 435 860 495 sqq.
879 416 976 478 locum
989 425 1084 478 trans·

65 503 213 584 ponendo
246 510 276 564 et
308 503 482 582 corrigendo
516 507 648 584 corrupit
678 504 740 564 Lm.
774 498 849 588 (R),
880 523 905 565 v.
934 501 999 566 514
1029 524 1084 584 pro

65 590 179 656 eodem
199 589 340 653 (55355
365 591 507 673 scribens,
529 611 555 652 v.
574 589 640 654 514
662 600 729 671 post
749 589 814 656 516
837 593 984 654 collocans
1007 600 1037 654 et
1058 613 1084 654 v.

67 677 142 744 515
162 682 216 742 ant
233 683 265 741 in
282 676 354 741 hice
371 686 496 741 mutans.
529 682 660 741 restituit
673 680 794 742 Lucreti
810 681 899 742 verba
918 679 1084 761 Goebelius,

68 769 138 830 obs.
167 767 210 831 41
239 774 364 846 etpost
390 786 458 829 eum
485 768 599 829 Munro.
628 802 670 811 —
698 765 761 830 541
790 765 867 830 eceli
892 767 1086 832 summania

68 853 190 936 temple
211 859 230 916 i.
254 875 279 917 c.
302 862 455 936 nocturna,
476 856 581 935 Bergk.
605 875 670 917 ann.
693 857 793 936 philol.
814 865 834 918 t.
853 857 996 919 LXXXIII
1019 855 1084 920 505

62 946 143 1006 Mn:
157 941 312 1006 ammonia
325 943 446 1005 Creeeh.
455 942 517 1006 Lm.
527 945 558 1006 B.
570 978 612 987 —
626 943 690 1007 549
701 964 744 1025 sq.
758 943 822 1007 sive
834 943 897 1024 'nisa'
911 939 1011 1030 (ignes
1024 949 1043 1007 i.
1058 964 1084 1007 e.

69 1027 193 1118 stellae)
207 1050 325 1112 cepere
335 1034 479 1112 ponant:
497 1049 555 1112 qno
566 1080 572 1093 .
583 1081 590 1094 .
602 1081 608 1093 .
618 1030 703 1096 ndns
717 1080 723 1093 .
739 1081 745 1093 .
761 1081 767 1094 .
782 1031 895 1095 inaltat
911 1032 1011 1096 euntis
1024 1033 1083 1105 00.

71 1122 156 1182 edd:
173 1119 293 1183 neentis
304 1128 417 1181 temere
426 1119 489 1182 Lm.
499 1122 530 1182 B.
541 1155 582 1164 -
593 1119 657 1184 551
672 1119 807 1185 stettin
819 1138 934 1201 queque
948 1122 1084 1184 causon

71 1208 118 1272 sit
143 1205 269 1287 etllcee
294 1206 943 1288 qnoque...00.sietlvcec...Lm.sit
968 1210 1004 1272 c'n
1029 1209 1085 1272 lvoc

237 1293 369 1359 —554
391 1294 552 1360 555555
574 1297 666 1378 unm„
688 1316 715 1359 v,
738 1316 856 1359 versum
883 1295 949 1361 562
977 1307 1006 1359 et
1033 1301 1087 1378 qui

73 1297 250 1466 sequuntur.
282 1382 383 1446 maior
396 1381 471 1447 soh's
482 1386 552 1446 roto
563 1401 618 1446 neo
631 1345 733 1447 m'e'nor
747 1383 897 1462 ardens,
914 1387 950 1446 de
969 1386 1084 1448 verbor

73 1474 269 1536 collocatione
296 1493 322 1534 v.
345 1473 382 1533 VI
404 1470 447 1535 30
471 1492 513 1562 sq.
541 1472 653 1533 all-
676 1472 771 1536 ander
793 1471 851 1545 OQ.
880 1474 946 1535 edd
974 1493 990 1535 a
1018 1493 1084 1535 sen-

73 1565 171 1624 tentia
193 1564 296 1640 utique
315 1561 443 1622 alienum
462 1568 514 1623 est
551 1557 633 1624 erbis
649 1561 748 1622 Poll'
740 1580 772 1623 ιιι
790 1581 857 1622 ann.
876 1564 940 1624 eius
958 1563 1084 1642 Lucret,

74 1651 130 1712 sed
144 1652 219 1710 mire
234 1648 449 1711 substantivum
463 1653 651 1732 geminasset,
668 1650 743 1710 nihil
759 1651 828 1711 inde
847 1669 944 1730 neque
963 1651 999 1712 ad
1018 1669 1085 1712 sen-

73 1741 201 1800 tentiam
226 1756 322 1817 neque
350 1738 386 1798 ad
413 1745 477 1799 orat
477 1741 554 1798 ionis
582 1744 717 1800 ornatum
744 1738 889 1820 lucratus,
917 1758 984 1801 eum
1010 1739 1085 1800 nihil

75 1828 178 1888 dicere
205 1824 293 1886 vellet
318 1827 378 1886 nisi
402 1826 473 1907 hoc,
496 1825 588 1887 solem
614 1845 670 1888 nec
696 1829 840 1888 maiorem
861 1846 917 1888 nec
939 1831 1086 1889 minorem

76 1933 146 1976 esse
173 1932 260 1994 quam
286 1913 444 1976 videretur.
467 1947 510 1957 -
532 1910 599 1977 575
625 1932 815 1994 quoscunque
844 1913 881 1977 c'n
907 1914 997 1978 tenra's
1024 1934 1086 1978 cer·

75 2001 184 2064 nimos
209 2003 324 2082 ignes
351 2009 432 2063 recte
458 2002 612 2064 Marullus:
648 2000 810 2083 cernimn',
838 2000 984 2082 55555
1009 2003 1085 2065 male

76 2091 141 2151 Lm.
166 2097 195 2151 et
214 2089 260 2150 B.:
288 2088 430 2150 caelestes
453 2092 533 2151 enim
555 2093 638 2169 ignes
662 2091 741 2152 idem
763 2093 825 2169 pati
843 2091 982 2153 dicuntur
1005 2092 1083 2171 quod

77 2185 246 2240 terrestres.
269 2211 311 2220 —
334 2174 399 2240 577
422 2175 572 2240 videndun
592 2176 678 2257 ignes
695 2179 742 2250 Qu
764 2175 884 2240 videtur
903 2178 936 2239 0.
959 2179 1020 2239 Lm.
1044 2179 1086 2260 Β,

77 2271 152 2328 item
177 2265 244 2347 Mn,
271 2265 324 2326 sed
352 2265 496 2327 dubitans.
521 2299 563 2309 —
587 2263 651 2327 602
678 2267 708 2327 et
731 2267 831 2328 certa
853 2266 959 2328 Christ.
982 2286 1010 2346 p.
1033 2263 1086 2328 30.

76 2355 132 2417 Mr.
159 2355 242 2416 recta
273 2353 332 2424 00.
360 2350 471 2416 relicta
500 2353 562 2414 Lm.
594 2350 714 2416 reclusa
739 2353 771 2414 B.
799 2386 841 2395 —
869 2350 935 2415 644
963 2356 1088 2416 nonna

78 2442 174 2521 vulgo.
227 2443 353 2504 nmium
384 2441 442 2514 OQ.
474 2437 604 2504 Matuta
634 2440 695 2503 Lm.
728 2441 760 2502 B.
792 2474 834 2483 —-
868 2439 933 2504 675
963 2440 1090 2505 distinet

79 2531 208 2610 aquato
227 2523 359 2614 (5555
376 2524 449 2614 00.)
473 2527 554 2593 caeli
573 2527 752 2594 descrimine
768 2531 865 2592 nectus
884 2523 972 2615 (00.)
997 2530 1088 2592 Goelv.

79 2618 194 2680 observ.
223 2637 253 2698 p.
275 2616 331 2680 42:
358 2619 479 2680 55555
571 2621 690 2682 metans
710 2619 786 2679 Lm.:
817 2618 931 2698 reliqua
959 2622 1088 2681 correxit

78 2706 215 2768 versibus
245 2708 288 2767 sic
315 2706 464 2768 collocatis
493 2714 523 2768 et
549 2708 725 2768 emendatis:
753 2704 816 2768 691
838 2709 967 2786 prepter
991 2706 1089 2787 5955-

77 2793 141 2875 fero'
162 2791 338 2874 peonnam
354 2793 457 2856 toties
484 2791 565 2858 orbis
597 2794 661 2859 693
691 2792 810 2874 obliqui
842 2789 975 2878 (obliquo
1004 2788 1088 2878 OQ),

80 2879 404 2946 terras-lustrans
426 2881 898 2963 692...inqco...serpens.
938 2882 991 2944 Mr.
1014 2882 1089 2942 nihil

81 2979 176 3034 mutat
196 2973 228 3032 in
250 2971 298 3031 his
315 2990 359 3033 vv.
379 3005 421 3015 -
440 2968 505 3034 684
522 2969 598 3050 qnia
615 2970 749 3034 crossc'n·
766 2973 811 3034 esi
827 2969 916 3034 ceron
932 2969 969 3032 a'n
984 2967 1089 3050 pcrti-

82 3057 138 3122 bns
160 3059 264 3124 5555
282 3079 315 3141 *3
343 3062 496 3139 quaeritur
518 3063 597 3121 enim
620 3079 674 3122 cur
696 3062 786 3121 certis
809 3062 841 3120 in
863 3058 997 3137 pertibus
1020 3061 1090 3120 anni

83 3148 146 3209 dies
172 3146 335 3229 longiores,
358 3150 391 3210 in
417 3150 506 3209 certis
528 3147 680 3211 breviores
703 3151 771 3209 sint.
816 3164 891 3208 cern
913 3149 1091 3208 crassiorem

84 3254 148 3298 esse
171 3235 231 3297 dici
253 3243 375 3316 apparet
396 3254 493 3316 neque
517 3235 618 3297 dubito
643 3239 714 3316 quin
737 3254 793 3296 vox
813 3252 867 3296 aer
885 3254 953 3296 eum
970 3254 1090 3296 versum

85 3327 134 3404 qui
161 3324 270 3385 excidit
295 3323 444 3385 clauserit.
467 3358 510 3367 —
533 3322 598 3386 692
621 3343 639 3383 ιε
663 3325 717 3386 Μι.
740 3357 782 3368 -
807 3320 870 3385 708
897 3324 934 3385 nt
953 3325 988 3387 sd
1011 3321 1092 3402 ferte

84 3412 141 3484 00.
176 3411 268 3473 Madv.
310 3412 424 3474 emend.
464 3409 525 3472 Liv.
567 3432 595 3491 p.
628 3410 701 3474 123.
755 3411 821 3471 Mn:
861 3413 896 3474 ni
933 3411 977 3474 sii
1011 3409 1092 3491 forte

83 3502 108 3562 J.
134 3499 231 3562 liousa
257 3500 296 3561 fil.
323 3499 386 3561 Lm.
417 3496 492 3561 ‘sine
525 3500 584 3562 ulla
616 3519 703 3562 causa
735 3507 765 3560 et
792 3518 859 3560 cum
887 3501 1029 3561 orationis
1061 3507 1092 3559 et

85 3591 247 3651 sententiae
270 3583 458 3650 detrimento'
481 3589 573 3650 Madv.
597 3623 639 3632 —
665 3583 728 3650 725
752 3607 795 3666 sq.
893 3591 922 3650 et
953 3583 1092 3651 Veneno
