2500 3882
589 230 630 284 ΠΙ
1071 232 1112 296 91

179 395 274 456 aequo
297 378 454 455 animoque
478 379 559 456 capis
583 396 731 459 securam,
753 377 855 458 stulte,
879 375 1029 457 quietem?

181 468 228 525 sin
251 483 286 525 ea
309 483 384 543 quae
407 464 521 525 fructus
544 483 670 544 cumque
693 485 725 526 es
748 469 865 546 periere
887 466 1021 546 profusa,
1077 488 1116 527 om

180 555 297 631 vitaque
320 555 352 613 in
375 553 529 632 ollensast,
551 571 605 614 cur
627 552 752 633 amplius
776 554 883 614 addere
906 557 1037 634 quaeris,

107 658 163 708 940
179 658 300 703 rursum
328 640 406 719 quod
433 647 536 718 pereat
558 641 634 702 male
657 649 687 702 et
709 644 857 721 ingratum
880 641 995 702 occidat
1016 659 1116 720 omne,

107 745 241 796 saonen
262 730 363 808 potius
385 729 461 788 vitae
484 729 573 788 finem
596 730 669 789 tacis
692 737 780 808 atque
802 726 932 790 laboris?

179 834 248 880 nam
270 816 327 876 tibi
348 823 502 895 practerea
525 817 604 894 quod
627 816 780 877 machiner
800 819 1021 897 inveniamque,

180 904 259 983 quod
282 904 408 984 placeat,
430 903 474 964 nil
496 911 555 964 est:
578 903 680 964 eadem
703 911 773 965 sunt
795 908 893 965 omnia
916 923 1041 984 semper.
1077 926 1117 966 555

180 995 207 1053 55
228 992 285 1052 tihi
307 1009 366 1052 non
390 993 476 1052 annis
499 1010 607 1070 corpus
629 993 687 1051 iam
710 999 823 1052 marcet
845 999 876 1053 et
897 999 979 1054 artus

107 1097 163 1148 945
179 1081 308 1141 conlecti
329 1079 482 1159 languent,
505 1079 608 1141 cadem
630 1087 729 1140 tamen
751 1083 849 1140 omnia
871 1087 996 1160 restant,

106 1185 161 1234 945
180 1170 279 1229 omnia
303 1170 330 1227 si
351 1185 457 1245 pergas
479 1167 602 1227 vivendo
625 1170 744 1228 vincere
767 1167 875 1248 saecla,

179 1263 268 1335 atque
291 1258 379 1316 etiam
402 1258 513 1335 potius,
538 1258 564 1315 si
585 1274 746 1334 numquam
769 1258 811 1316 sis
833 1252 1016 1335 moriturus',

180 1345 252 1424 quid
275 1343 502 1424 respondemus,
525 1345 584 1403 nisi
606 1345 715 1403 iustam
737 1343 891 1404 intendere
913 1342 995 1403 litem
1076 1365 1116 1406 555

178 1440 315 1494 naturam
338 1439 368 1492 et
390 1449 490 1491 veram
513 1430 611 1491 verbis
635 1448 782 1510 exponere
806 1427 945 1491 cansam?

107 1537 163 1588 950
179 1520 320 1599 grandior
341 1519 391 1579 hic
413 1537 483 1580 vero
507 1521 534 1579 si
555 1521 625 1578 iam-
638 1521 796 1596 seniorque
819 1525 959 1596 queratur
1077 1539 1116 1580 555

105 1615 267 1686 secatque
291 1607 404 1668 obitum
427 1607 603 1667 lamentetur
625 1607 717 1667 miser
740 1605 865 1685 amplius
889 1623 996 1686 aequo,
1077 1627 1116 1668 555

179 1714 239 1756 non
262 1698 369 1756 merito
391 1694 529 1756 inclamet
550 1697 645 1772 magis
668 1702 698 1755 et
720 1711 791 1754 voce
813 1697 948 1772 increpet
970 1689 1053 1754 acri?
1077 1716 1116 1756 555

179 1781 276 1845 ‘aufer
298 1782 405 1842 abhinc
428 1780 572 1863 lacrimas,
594 1782 716 1864 balatro,
739 1789 769 1843 et
787 1800 941 1861 compesce
961 1779 1115 1860 querellas.

179 1874 279 1932 omnia
300 1870 474 1948 perfunctus
496 1871 567 1930 vitai
588 1873 720 1949 praemia
742 1889 870 1931 marces:
1077 1891 1116 1932 555

106 1974 163 2027 955
179 1959 232 2020 sed
256 1960 325 2036 quia
348 1975 467 2036 semper
489 1976 556 2018 aves
579 1958 659 2037 quod
682 1958 777 2038 abest,
803 1960 971 2036 praesentia
994 1959 1116 2038 tamma,

105 2065 159 2114 955
178 2047 342 2126 inperfecta
364 2043 420 2105 tihi
443 2044 569 2124 elapsast
591 2049 764 2124 ingrataque
787 2047 860 2125 vita,

180 2143 210 2196 et
232 2135 423 2212 necopinanti
445 2151 526 2192 mors
549 2133 583 2193 ad
606 2141 695 2211 caput
717 2132 830 2192 adstitit
851 2139 918 2192 ante

179 2241 269 2302 quam
291 2228 373 2281 satur
397 2239 430 2281 55
453 2220 558 2300 plenus
581 2223 678 2298 possis
702 2220 853 2280 discedere
877 2238 987 2279 rerum.
1078 2242 1116 2281 555

178 2329 258 2372 nunc
281 2309 377 2370 aliena
398 2317 449 2370 tua
471 2316 570 2369 tamen
593 2315 687 2368 aetate
710 2310 809 2368 omnia
831 2309 915 2368 mitte

104 2417 163 2468 960
179 2416 273 2478 aequo
297 2400 467 2476 animoque,
495 2395 632 2475 agedum,
655 2397 750 2474 gnatis
774 2396 915 2456 concede:
943 2391 1116 2455 necessest?

106 2503 159 2554 950
179 2490 259 2567 iure,
282 2493 316 2548 ut
339 2488 457 2564 opinor,
481 2491 559 2564 agat,
581 2486 647 2543 iure
670 2486 804 2561 increpet
826 2483 1000 2562 inciletque:

178 2575 259 2636 cedit
282 2576 361 2634 enim
384 2590 485 2632 rerum
508 2574 636 2633 novitate
660 2578 779 2631 extrusa
802 2578 931 2631 vetustas

178 2681 311 2742 semper,
335 2668 423 2722 etex
446 2659 512 2720 aliis
534 2658 614 2720 aliud
637 2677 774 2738 reparare
797 2667 957 2720 necessest.
1078 2680 1116 2720 555

177 2770 234 2812 nec
257 2753 413 2829 quisquam
438 2750 470 2808 in
492 2747 664 2808 barathrum
686 2765 742 2807 nec
760 2747 881 2807 Tartara
904 2746 1022 2808 deditur
1040 2753 1124 2814 atras

106 2854 161 2905 965
177 2841 318 2899 materies
342 2856 416 2917 opus
440 2844 499 2917 est,
521 2844 555 2897 nt
577 2843 713 2896 crescant
733 2843 852 2913 postera
875 2835 982 2915 saecla3

107 2941 159 2992 955
180 2944 254 3005 quae
278 2933 377 2988 tamen
400 2927 499 2984 omnia
521 2931 550 2984 te
573 2926 632 2983 vita
654 2924 809 3002 perfuncta
832 2929 1006 3001 sequentur:

179 3032 235 3073 nec
253 3015 352 3074 minus
371 3030 441 3090 ergo
461 3016 528 3072 ante
546 3011 619 3072 haec
640 3030 728 3089 quam
741 3019 774 3070 tu
788 3011 923 3072 cecidere
945 3008 1115 3086 cadentque.

179 3103 223 3161 sic
247 3100 305 3161 alid
329 3119 364 3161 ex
388 3100 445 3160 alio
468 3117 629 3177 numquam
651 3099 775 3159 desistet
798 3100 883 3178 oriri,
1077 3119 1116 3159 ero

178 3191 296 3267 vitaque
319 3190 466 3267 mancipio
488 3186 563 3248 nulli
586 3187 684 3267 datur,
707 3186 844 3246 omnihus
867 3203 933 3245 usu.

106 3292 163 3344 970
180 3279 296 3355 respice
319 3279 390 3337 item
414 3293 503 3355 quam
525 3273 567 3335 nil
591 3274 628 3336 ad
650 3293 703 3335 nos
726 3281 793 3334 ante
817 3280 880 3333 acta
902 3280 1031 3334 vetustas

106 3382 159 3432 aro
178 3366 322 3443 temporis
345 3366 458 3425 aeterni
481 3364 583 3443 luerit,
607 3379 694 3440 quam
716 3363 866 3422 nascimur
888 3367 963 3422 ante.

177 3453 234 3514 hoc
256 3454 348 3530 igitur
370 3451 524 3531 speculum
546 3449 632 3511 nohis
655 3456 759 3509 natura
781 3450 875 3510 futuri

177 3542 322 3618 temporis
345 3541 465 3619 exponit
486 3546 554 3617 post
576 3545 702 3598 mortem
725 3536 853 3616 denique
876 3545 1015 3598 nostram.
1076 3558 1115 3598 555
