2500 3882
596 219 623 272 H

177 367 340 446 muralique
364 373 451 445 caput
474 383 620 426 summum
643 369 761 428 cinxere
785 385 905 448 corona,

178 458 294 517 eximiis
317 457 429 514 munita
452 453 524 514 locis
548 456 617 533 quia
639 457 765 515 sustinet
786 455 884 516 urbes

179 562 237 622 quo
259 562 337 603 nunc
360 543 470 620 insigni
492 561 545 621 per
567 560 686 620 magnas
708 543 841 622 praedita
862 550 956 604 terras

177 632 315 692 horrifice
337 631 431 690 fertur
453 629 567 690 divinae
590 633 693 691 matris
715 633 819 709 imago.

106 737 159 788 610
178 719 254 780 hano
276 721 373 778 variae
396 725 498 796 gentes
521 720 641 797 antiquo
662 736 744 778 more
768 737 918 780 sacrorum

178 807 294 867 Idaeam
315 808 445 866 vocitant
466 812 602 887 matrem,
625 805 822 886 Phrygiasque
845 814 975 867 catervas

179 896 250 955 dant
272 896 407 974 comitere,
431 895 500 972 quia
521 896 649 973 primum
672 912 709 954 ex
731 894 789 954 illis
812 895 921 956 finibus
944 895 1035 955 edunt

178 1001 234 1063 per
255 989 401 1044 terrarum
424 981 526 1042 orbem
548 983 647 1060 fruges
671 984 803 1062 coepisse
821 985 929 1043 creari.

180 1069 278 1132 Gallos
301 1069 477 1150 attribuunt,
503 1071 584 1150 quia,
606 1088 716 1131 numen
739 1072 790 1148 qui
812 1070 949 1131 violarint

106 1175 160 1227 615
179 1161 282 1220 matris
304 1165 334 1218 et
355 1159 463 1236 ingrati
486 1157 667 1236 genitoribus
689 1160 802 1218 inventi
824 1161 896 1238 sint,

180 1247 346 1325 significare
369 1245 470 1305 volunt
491 1245 628 1324 indignos
651 1263 716 1307 esse
738 1246 897 1326 putandos,

179 1337 275 1394 vivam
296 1335 467 1413 progeniem
490 1334 594 1411 quiin
617 1350 683 1392 oras
705 1333 826 1393 luminis
849 1333 945 1393 edant.

179 1431 317 1502 tympana
337 1428 417 1482 tenta
439 1427 542 1480 tonant
563 1419 668 1501 palmis
692 1428 721 1480 et
744 1420 873 1500 cymbala
896 1422 1008 1480 circum

181 1528 319 1590 concava,
341 1512 556 1588 raucisonoque
578 1511 728 1569 minantur
750 1527 860 1570 cornua
883 1514 982 1587 cantu,

108 1617 162 1666 620
181 1606 212 1660 et
233 1597 357 1676 Phrygio
380 1595 512 1657 stimulat
533 1614 656 1658 numero
679 1614 748 1657 cava
770 1596 842 1656 tibia
864 1598 985 1676 mentio,

180 1686 297 1765 telaque
319 1691 519 1765 praeportant,
541 1684 662 1745 violenti
685 1687 767 1763 signa
790 1685 911 1765 furoris,

181 1777 311 1852 ingratos
333 1775 446 1833 animos
469 1779 556 1850 atque
578 1774 669 1851 impia
689 1780 809 1852 pectora
830 1772 908 1850 volgi

183 1869 350 1923 conterrere
373 1867 454 1921 metu
476 1879 550 1942 quae
572 1862 687 1939 possint
708 1861 831 1921 numini'
853 1860 944 1920 divae.

183 1968 253 2028 ergo
275 1967 342 2010 cum
363 1951 492 2028 primum
514 1965 633 2026 magnas
655 1950 769 2008 invecta
791 1966 845 2027 per
866 1947 949 2008 urbis

110 2055 164 2106 ouo
182 2037 334 2098 munificat
355 2038 442 2096 tacita
463 2035 596 2095 mortalis
618 2043 698 2096 muta
721 2035 827 2116 salute,

184 2143 251 2186 aere
274 2131 360 2203 atque
383 2130 503 2202 argento
526 2130 661 2184 sternunt
683 2125 741 2183 iter
763 2141 849 2184 omne
871 2125 997 2202 viarum,

183 2213 312 2291 largifica
334 2214 410 2290 stipe
432 2211 573 2292 ditantes,
595 2212 778 2288 ninguntque
800 2228 935 2270 rosarum

183 2299 305 2361 floribus
327 2299 496 2361 umbrantes
518 2305 643 2358 matrem
666 2300 864 2377 comitumque
887 2304 1026 2358 catervae.

183 2388 233 2449 hic
255 2395 365 2448 armata
387 2405 502 2466 manus,
526 2386 648 2447 Curetas
670 2387 789 2447 nomine
812 2385 881 2446 Grai

112 2494 259 2555 coequos
281 2481 445 2536 memorant
465 2473 614 2555 Phrygios,
637 2476 715 2535 inter
738 2492 769 2534 se
792 2474 867 2534 sorte
889 2470 971 2552 quod
991 2469 1088 2534 armis

184 2564 289 2624 ludunt
309 2565 342 2623 in
363 2580 576 2641 numerumque
599 2561 730 2622 exultant
753 2564 894 2641 sanguine
917 2561 999 2642 laeti,

184 2652 328 2712 terrificas
351 2653 479 2729 capitum
501 2653 665 2728 quatientes
687 2653 816 2710 momine
838 2652 956 2730 cristae,

184 2739 319 2799 Dictaeos
340 2739 472 2798 referunt
494 2738 629 2819 Curetas,
651 2740 703 2817 qui
724 2737 801 2799 Iovis
823 2737 906 2798 illum

185 2828 313 2905 vagitum
335 2829 366 2886 in
389 2825 474 2886 Creta
498 2826 643 2905 quondam
667 2825 828 2887 occultasse
852 2825 1000 2906 feruntur,

112 2933 166 2984 otto
185 2933 253 2976 cum
274 2916 361 2993 pueri
383 2915 494 2974 circum
515 2932 640 2993 puerum
661 2916 781 2993 pernice
805 2914 912 2974 chorea
1073 2923 1113 2966 ⁶³⁵

185 3005 290 3064 armati
311 3004 343 3061 in
365 3020 519 3062 numerum
542 3000 693 3080 pulsarent
715 3002 832 3063 aeribus
855 3018 936 3082 aera,
1073 3012 1113 3052 θεῖ

184 3109 222 3151 ne
245 3090 389 3151 Saturnus
412 3108 479 3150 eum
500 3089 585 3149 malis
607 3090 758 3150 mandaret
780 3089 902 3168 adeptus

185 3185 394 3258 aeternumque
418 3177 501 3238 daret
522 3178 610 3238 matri
632 3177 686 3237 sub
708 3184 827 3256 pectore
849 3175 961 3236 volnus.

112 3283 169 3334 640
184 3273 340 3345 propterea
362 3283 496 3343 magnam
517 3272 641 3326 matrem
664 3267 768 3325 armati
789 3265 978 3341 comitantur,

112 3371 167 3422 640
185 3361 236 3415 aut
258 3356 325 3432 quia
348 3354 514 3432 significant
536 3353 631 3412 divam
652 3353 822 3432 praedicere
844 3358 878 3412 ut
900 3353 990 3410 armis

185 3460 219 3502 ac
241 3443 348 3501 virtute
371 3441 462 3501 velint
483 3443 607 3520 patriam
631 3440 788 3501 defendere
811 3446 921 3500 terram

183 3529 391 3610 praesidioque
413 3536 518 3609 parent
543 3529 701 3608 decorique
724 3527 895 3607 parentibus
918 3545 992 3588 esse.

165 3639 309 3680 anrms.
323 3639 358 3680 od.
371 3638 498 3689 Brieger.
887 3634 903 3680 4
