2496 3876
487 261 767 319 PROLEGOMENA.
1091 263 1129 317 XI

123 427 201 488 quae
230 416 299 469 sunt
326 411 358 469 in
385 409 527 488 epistulae
555 410 590 470 ad
618 410 724 471 Herod.
748 429 809 490 par.
831 407 888 491 43,
920 429 994 489 quae
1022 411 1128 471 deinde

121 496 277 557 emendavi
318 499 349 557 in
390 496 487 557 libello
530 498 703 559 scholastico
743 499 824 558 Halis
865 517 889 559 a.
928 495 1015 560 1884
1050 499 1128 558 edito

120 603 150 664 p.
167 582 282 646 16not.
306 584 423 644 libellus
445 585 631 646 inscribitur:
653 587 705 646 llie
728 587 933 665 Urbewegung
955 587 1008 646 der
1025 587 1128 646 ritome

119 671 172 732 bei
185 671 316 750 Leucipp
329 673 390 732 und
401 673 560 734 llemokrit
579 676 611 734 in
626 674 746 735 alterius
760 674 827 735 libri
842 695 867 734 v.
880 673 1128 753 lldllernaysius

119 766 238 840 peccat,
279 777 346 820 cum
387 761 491 821 scribit
534 761 638 824 eodem
677 761 758 823 ratio
799 760 994 824 disterminat
1031 779 1128 843 omne,

119 851 262 926 ignorans
294 866 368 927 quae
402 851 441 908 sit
467 848 588 928 Epicuri
619 849 655 909 de
684 851 860 911 mundorum
888 860 917 911 et
940 849 1127 911 multitudine

114 943 154 996 et
177 935 345 997 diversitate
369 937 510 997 doctrina.
552 944 684 998 ceterum
706 941 737 997 in
765 940 865 998 eadem
889 957 959 999 voce
982 941 1041 999 iam
1060 946 1126 998 ante

121 1026 241 1104 errarit,
264 1026 296 1084 in
319 1024 337 1084 l.
356 1024 412 1084 lv.
433 1021 518 1085 1093
541 1043 628 1087 omne
650 1028 729 1086 inter
751 1026 824 1086 caeli
847 1035 1001 1105 terraeque
1025 1029 1126 1086 ruinas

121 1113 155 1171 in
181 1114 267 1172 inane
295 1113 474 1190 profundum
503 1112 583 1173 abire
611 1114 727 1194 dicens,
754 1117 839 1192 quasi
865 1115 895 1174 id
918 1118 1015 1194 ipsum
1039 1117 1126 1174 inane

120 1199 301 1278 profundum
320 1219 380 1260 non
399 1203 462 1260 eius
482 1201 558 1279 quod
579 1220 664 1261 omne
683 1209 815 1280 estpars
835 1205 880 1263 sit.
913 1221 1008 1280 neque
1027 1205 1126 1262 minus

120 1306 155 1348 re
169 1306 273 1366 parum
287 1295 442 1366 perspecta
457 1306 558 1348 errore
573 1288 647 1367 lapsi
656 1309 680 1349 v.
693 1287 754 1351 381
772 1289 873 1351 ocimi
882 1289 1001 1352 ratione
1011 1299 1126 1350 mutare

121 1378 186 1436 ausi
198 1382 266 1436 sunt
274 1375 478 1436 Lachmannus
488 1375 665 1454 Bernaysius
675 1377 792 1437 blunro:
807 1379 885 1456 quod
894 1376 995 1438 animi
1008 1377 1126 1438 ratione

120 1465 310 1524 verissimum
338 1471 396 1524 est:
424 1483 491 1524 nam
518 1483 578 1524 non
600 1473 725 1542 possunt
748 1464 824 1524 oculi
847 1473 981 1525 naturam
1003 1483 1125 1525 noscere

121 1569 237 1632 rerum,
265 1554 357 1612 animi
386 1555 461 1612 ratio
484 1560 594 1633 potest,
618 1552 653 1612 ci.
676 1552 713 1612 lV
732 1550 914 1614 362-369,
944 1587 984 1595 -
1008 1561 1126 1631 praeter

121 1639 153 1699 id
190 1646 277 1719 caput
309 1640 386 1718 quod
418 1647 464 1700 est
495 1641 532 1700 de
563 1648 727 1701 atomorum
759 1648 853 1721 motu,
884 1641 962 1701 haud
995 1643 1056 1701 scio
1089 1659 1126 1700 an

120 1726 284 1808 plerisque,
316 1729 368 1806 qui
398 1727 568 1788 Lucretium
601 1730 757 1789 emendare
791 1729 980 1809 studuerunt,
1012 1728 1126 1789 nullum

122 1815 277 1876 obscurius
309 1815 411 1896 luerit,
443 1834 530 1894 quam
562 1815 634 1876 illud
666 1817 743 1895 quod
772 1818 808 1877 de
836 1819 926 1877 animi
953 1820 1125 1894 animaeque

121 1909 226 1963 natura
253 1910 309 1964 est:
338 1903 374 1963 de
406 1922 463 1981 quo
489 1921 537 1963 me
567 1904 632 1964 data
655 1922 744 1983 opera
768 1905 933 1984 disputasse
956 1907 1013 1965 iam
1037 1923 1125 1983 sopra

121 1991 216 2051 docui
261 2009 348 2070 quam
371 1992 598 2070 disputationem
622 1995 673 2070 qui
694 1992 812 2073 legerit,
836 1992 920 2053 iacile
944 1995 987 2052 eis
1010 1995 1125 2052 veniam

121 2078 216 2159 dabit,
253 2081 303 2157 qui
339 2086 388 2139 aut
425 2082 518 2140 secuti
553 2078 698 2140 librorum
734 2083 936 2142 auctoritatem
974 2088 1024 2140 aut
1060 2099 1125 2140 eam

121 2174 296 2245 spernentes
314 2163 455 2227 mimam
472 2185 527 2245 pro
545 2165 658 2242 animo,
677 2165 819 2229 ocimum
836 2186 889 2247 pro
909 2166 1018 2228 aalma
1032 2169 1124 2244 scrip-

121 2262 238 2334 serunt,
262 2254 341 2332 quod
363 2273 379 2314 a
402 2273 462 2314 non
484 2258 586 2333 paucis
607 2257 716 2316 lactum
741 2264 786 2316 est
808 2257 855 2314 his
878 2255 895 2313 l.
915 2254 954 2312 lll
976 2253 1124 2313 versibus:

118 2338 173 2402 43.
192 2339 265 2403 237.
286 2339 358 2402 809.
378 2340 451 2421 678,
469 2343 599 2420 itemque
617 2342 636 2402 l.
654 2339 757 2404 v524
776 2349 806 2401 et
819 2338 892 2420 528,
911 2341 947 2400 de
967 2358 1023 2418 qua
1042 2359 1074 2400 re
1093 2343 1124 2400 in

120 2430 280 2490 lectionum
290 2437 459 2510 conspectu,
470 2448 557 2508 quem
567 2430 718 2510 subiciam,
730 2436 949 2508 quantumopus
957 2431 1013 2489 erit
1020 2429 1123 2489 dicam.

120 2517 157 2578 de
173 2519 328 2578 ceterisad
343 2518 399 2578 hoc
408 2536 500 2596 genus
510 2518 726 2597 pertinentibus
736 2517 779 2578 vel
791 2517 827 2577 de
838 2536 872 2578 ea
883 2530 968 2596 quarn
979 2519 1123 2596 attingere

119 2608 216 2666 visum
235 2613 281 2666 est
298 2613 380 2684 parte
400 2623 503 2665 eorum
522 2610 580 2666 iam
599 2607 761 2668 secundnm
779 2605 923 2666 librorum
941 2613 971 2665 et
984 2625 1124 2666 versuum

120 2694 255 2753 ordinem
274 2694 378 2754 dicam.
393 2727 434 2736 ——
449 2694 468 2754 l.
482 2694 561 2755 111v.
575 2693 639 2757 282
657 2713 717 2754 non
736 2695 923 2755 offenderunt
941 2696 972 2753 in
991 2713 1026 2754 eo
1045 2693 1122 2772 quod

119 2789 166 2842 est
196 2778 283 2862 odiis3
314 2800 340 2842 v.
370 2779 434 2843 289
466 2781 601 2861 probarit
629 2782 832 2843 Lachmannus
863 2784 991 2862 primus,
1022 2784 1123 2842 nescio

120 2887 177 2949 qua
196 2869 358 2947 elegantiae
377 2873 475 2949 specie
490 2871 637 2951 deceptus,
651 2869 724 2931 illud
738 2869 873 2929 Lambini
886 2867 980 2931 oculis
994 2866 1123 2943 omibus,

120 2975 188 3017 cum
219 2960 251 3017 in
283 2956 367 3016 libris
396 2960 434 3017 sit
460 2956 576 3019 acriam
609 2958 685 3036 quod
713 2965 872 3035 utrumque
899 2957 1027 3016 declarat
1055 2975 1123 3016 eum

118 3063 179 3104 non
193 3046 389 3124 perspexisse,
404 3045 474 3123 quid
488 3045 641 3106 Lucretius
656 3046 785 3125 doceret,
800 3046 835 3106 ol.
850 3044 948 3124 philol.
959 3043 1060 3104 XXVll
1071 3043 1123 3107 36.

120 3165 162 3174 -·-
189 3132 208 3192 l.
235 3132 272 3192 lV
299 3151 325 3192 v.
353 3131 371 3194 Ἰ
376 3130 417 3193 93
446 3132 648 3193 Lachmannus
677 3132 793 3193 abicere
821 3131 923 3192 maluit
950 3150 1036 3209 quam
1064 3135 1123 3192 iam

119 3227 187 3280 ante
215 3219 332 3280 saecula
358 3219 394 3280 ab
423 3219 488 3280 aliis
514 3228 678 3282 correctum
701 3223 844 3281 retinere:
872 3219 977 3298 quodsi
999 3226 1123 3300 teneret,

120 3327 194 3386 quae
217 3307 363 3387 Epicurus
391 3307 427 3368 de
450 3307 584 3368 sensibili
605 3315 737 3388 tempore
761 3302 933 3391 (αἰσθητὸς
955 3310 983 3366 ei
1005 3308 1124 3388 χρόνος

119 3390 179 3479 est)
212 3396 325 3477 docuit,
360 3398 544 3476 retinuisset,
579 3415 645 3457 cum
672 3397 847 3475 praesertim
874 3396 972 3455 videre
1002 3395 1123 3454 deberet

118 3484 216 3544 medio
253 3503 341 3544 versu
377 3484 491 3545 sublato
528 3483 681 3545 rationalia
715 3491 848 3562 tempora
879 3486 979 3560 inepte
1013 3483 1122 3558 opponi

118 3574 254 3650 tempori.
308 3572 326 3634 l.
352 3572 376 3630 V
402 3568 467 3634 419
501 3591 543 3652 sq.
576 3572 648 3632 dicit
677 3570 833 3631 lucretius
866 3577 945 3630 certa
979 3567 1121 3646 quaedam
