2496 3876
473 211 755 268 PROLEGOMENA.
1051 209 1118 266 XXI

104 360 241 418 carmine
272 359 444 438 imperfecto
480 377 497 419 a
530 359 640 437 Vergili
666 366 717 420 aut
738 358 841 420 Horati
866 357 1010 437 elegantia
1032 376 1115 419 rece·

106 447 185 506 dunt
199 480 241 489 -
255 447 287 507 in
305 449 478 526 imperfecto
498 447 577 528 dico,
602 466 660 527 quo
682 447 754 508 illud
773 449 861 507 etiam
880 449 1019 527 pertinet,
1038 447 1116 525 quod

106 552 147 594 ex
170 537 301 613 quinque
324 538 401 596 veris
425 535 608 596 soloecismis
631 542 769 614 quattuor
791 541 861 595 sunt
880 537 912 594 in
930 534 1005 594 libro
1025 540 1116 594 sexto.

199 622 260 685 lna
271 623 390 684 Lucreti
405 623 590 703 neglegentia
603 641 664 684 non
678 626 778 684 minus
792 622 827 683 ab
838 623 942 683 aetatis
951 623 1116 700 Augusteae

106 717 264 790 poetarum
299 711 442 790 elegantia
473 712 569 773 aliena
601 713 734 773 cernitur
764 712 796 772 in
828 709 1009 772 anacoluthis
1042 727 1116 788 quae

108 799 221 859 dicunt.
262 817 359 879 neque
382 803 529 861 tamenin
548 801 604 861 hoe
623 817 731 879 genere
750 801 848 860 omnia
867 799 991 859 eandem
1008 797 1117 857 hahent

108 886 344 965 explicationem.
386 895 453 949 ante
476 891 574 949 omnia
597 895 626 949 et
649 888 778 949 editores
801 890 941 948 carminis
960 887 997 946 de
1016 903 1117 946 rerum

108 980 215 1035 natura
247 984 277 1036 et
308 979 486 1056 interpretes
519 979 688 1056 perspicere
716 975 862 1036 debebant
887 975 1058 1036 Lucretium
1085 975 1117 1033 in

108 1065 271 1123 enuntiatis
305 1064 510 1125 continuandis
540 1064 633 1125 multo
664 1066 787 1150 prqpius
814 1063 850 1124 ad
878 1062 1057 1124 Graecorum
1085 1063 1117 1121 in

109 1169 145 1212 ea
169 1169 201 1211 re
226 1151 392 1212 libertatem
414 1152 563 1232 accedere,
587 1171 674 1230 quam
696 1168 873 1231 quemquam
892 1151 982 1212 alium
999 1157 1117 1230 poetam

108 1238 283 1300 Romanum.
312 1247 411 1300 extant
429 1247 527 1301 autem
545 1258 605 1300 non
623 1259 716 1318 pauca
735 1240 811 1321 apud
826 1239 997 1300 Lucretium
1011 1255 1115 1300 anaco-

109 1327 205 1407 lutha‚
238 1346 365 1406 quorum
396 1327 452 1388 alia
483 1328 593 1388 frustra
625 1333 812 1388 tentaverunt
838 1327 968 1387 editores
996 1326 1052 1386 alia
1079 1343 1116 1385 ne

110 1414 382 1478 animadverterunt
411 1415 538 1494 quidem.
585 1422 654 1475 suut
681 1422 791 1495 autem,
819 1416 877 1474 nisi
905 1414 1002 1495 fallor,
1029 1413 1116 1474 haec:

109 1500 340 1585 11342-346,
364 1499 426 1564 341
451 1521 493 1583 sq.
510 1505 674 1582 praetereo
693 1518 789 1582 penno
810 1498 981 1564 homonum
1003 1503 1117 1562 mone

110 1607 169 1669 qne
190 1593 332 1653 1111111113
350 1589 632 1671 ...pervolitantes
651 1625 693 1634 ——
712 1607 890 1670 quorum
911 1607 1009 1652 unum
1028 1586 1117 1668 quid-

109 1676 158 1738 m‘s
176 1686 240 1760 etc,
259 1682 343 1740 cuius
364 1680 530 1740 anacoluthi
549 1679 732 1740 simillimum
745 1679 782 1739 IV
797 1676 861 1741 150
876 1698 939 1758 sqq.
958 1695 1115 1739 occurrere

109 1766 205 1826 videri
236 1769 401 1827 rectissime
430 1767 504 1827 dicit
530 1766 700 1849 Goebelius,
733 1775 843 1847 quaest.
871 1767 987 1828 Lucret.
1015 1785 1043 1844 p.
1064 1762 1114 1827 10.

110 1860 237 1932 utroque
260 1853 324 1915 loco
347 1856 444 1935 possis
466 1854 567 1916 dicere
589 1856 620 1916 id
644 1864 752 1937 extare,
775 1855 853 1934 quod
873 1853 1001 1916 Graecae
1020 1871 1115 1932 gram-

110 1944 235 2003 matieae
253 1942 388 2003 doctores
407 1945 619 2005 nominativum
636 1943 801 2005 absolutum
819 1961 925 2004 vocare
944 1941 1040 2003 solent
1058 1960 1117 2002 non

112 2037 201 2091 recte.
225 2039 272 2091 est
293 2037 391 2090 autem
407 2030 514 2092 horum
532 2031 665 2093 locomm
687 2031 758 2092 illud
778 2049 941 2110 commune,
965 2030 1043 2108 quod
1061 2047 1116 2108 pro

112 2120 263 2179 enuntiato
295 2118 522 2180 demonstrativo
553 2118 698 2180 subicitur
724 2118 891 2179 relativum:
929 2118 1006 2196 qnod
1038 2117 1116 2177 idem

112 2206 211 2267 dicere
224 2208 321 2285 possis
336 2206 444 2267 laetum
458 2225 525 2267 esse
538 2206 577 2267 111
593 2203 678 2267 1009
693 2239 737 2248 -
750 2203 867 2267 11111113
880 2207 994 2283 egestas
1008 2223 1024 2261 1
1041 2202 1118 2266 Ταν-

112 2297 219 2356 mos.
236 2341 264 2356 ..
287 2296 388 2356 aestus
407 2329 449 2338 -
469 2294 653 2373 quieteque
674 2295 754 2353 sont.
769 2340 775 2352 .
790 2339 820 2352 ..
844 2294 928 2352 cuius
948 2291 1007 2351 loci
1025 2291 1117 2351 simil-

112 2383 212 2443 limam
225 2382 313 2444 habet
329 2385 475 2444 rationem
489 2384 540 2460 qui
552 2383 687 2460 proxime
702 2381 836 2460 sequitur
847 2376 1065 2441 1012-1016
1074 2398 1116 2458 sq.

112 2469 166 2533 sed
186 2473 282 2533 metus
303 2468 339 2532 111
360 2469 426 2532 vito
436 2486 610 2548 poenorum
633 2470 758 2530 ...est
776 2515 804 2529 ..
824 2516 831 2529 .
853 2465 1004 2548 insignem
1030 2463 1118 2530 scele-

112 2556 215 2637 risque
237 2554 329 2619 tuella
351 2576 453 2620 career
474 2560 527 2620 et.
547 2605 579 2618 ..
603 2555 702 2618 laotos
775 2604 781 2617 .
805 2553 930 2619 aalma
947 2554 1052 2618 toedoe
1074 2589 1118 2600 -

114 2663 216 2726 quae
234 2648 336 2707 tomen
349 2645 405 2708 etse'
418 2643 536 2722 11311111,
554 2647 589 2707 ot
604 2661 690 2708 otene
704 2691 710 2705 .
726 2693 732 2705 .
748 2693 754 2705 .
773 2645 865 2706 voluit
883 2653 969 2725 poeta
987 2645 1117 2705 scribere

113 2729 289 2813 scelereque
306 2730 399 2796 duello
417 2733 522 2797 taedoe
538 2781 633 2794 .....
652 2731 775 2796 etiamsi
792 2730 911 2815 obsunt,
929 2733 981 2794 sed
1001 2732 1118 2793 aberra-

114 2824 155 2882 vit
177 2821 212 2883 ab
236 2841 285 2903 eo,
313 2823 391 2903 quod
414 2822 544 2883 scrihere
567 2822 666 2882 voluit.
712 2829 745 2882 ut
767 2822 815 2882 his
837 2821 911 2882 locis
934 2820 1006 2881 lalsa
1030 2839 1117 2899 quae·

115 2910 180 2971 dam
203 2913 303 2971 nescio
326 2913 410 2971 cuius
432 2912 605 2971 nominativi
627 2909 754 2971 absoluti
775 2911 889 2989 speeies
908 2927 940 2969 se
959 2909 1054 2988 ollert,
1077 2910 1118 2967 ita

115 2999 271 3058 accusativi
298 2997 425 3059 absoluti
447 2997 473 3058 Π
498 2995 583 3058 1030
607 2999 678 3076 sqq:
695 2991 756 3081 (1111
778 2996 852 3059 adeo
875 3011 1022 3074 magnum
1046 2988 1117 3079 (est)

187 3083 269 3163 qood
288 3101 351 3146 non
369 3082 525 3164 paulatim
547 3083 674 3147 mittant
693 3083 841 3147 mirarier
862 3077 988 3165 omnes).
1027 3082 1118 3161 prin

114 3171 191 3252 cepio
210 3169 286 3235 coeli
305 3220 355 3234 ...
374 3171 501 3236 colorent
518 3190 654 3252 quaeque
671 3171 707 3236 111
725 3189 758 3236 se
775 3169 889 3234 cohelet
901 3221 908 3233 .
918 3219 943 3232 ..
957 3169 1062 3233 sidero

114 3263 143 3324 et
161 3257 236 3323 solis
254 3308 260 3322 .
276 3307 282 3320 .
298 3307 305 3320 .
323 3259 468 3323 olorem:
492 3260 599 3324 omnio
620 3278 699 3340 qnae
720 3277 803 3322 nnnc
824 3258 853 3322 si
871 3307 878 3320 .
894 3307 900 3320 .
916 3306 922 3321 .
941 3261 1041 3322 extent
1062 3267 1117 3320 etc.

115 3344 226 3432 (essent
241 3345 323 3428 00),
365 3350 412 3411 hic
436 3349 573 3410 Lucretio
597 3349 676 3409 idem
700 3347 806 3410 accidit
828 3348 907 3426 quod
929 3347 1118 3425 Xenophonti

114 3439 145 3498 in
167 3437 363 3517 Cyropaediae
387 3457 410 3498 c.
431 3436 450 3499 2
473 3456 535 3517 par.
556 3433 607 3518 15,
630 3454 698 3497 cum
722 3438 842 3515 scripsit
864 3434 943 3508 τοὺς
957 3430 1119 3513 Ἕλληνας

186 3521 285 3588 οὐδέν
307 3543 373 3588 που
397 3518 499 3607 σαφὲς
522 3519 650 3606 λέγεται
673 3523 704 3586 εἰ
724 3518 869 3586 ἕπονται.
911 3523 996 3583 aliter
1016 3538 1065 3581 res
1084 3537 1117 3580 se
1234 3563 1235 3566 ,
