2512 3874
124 196 188 259 132
612 194 638 250 V

122 359 157 408 25
174 342 223 403 ille
246 341 341 402 lconis
364 341 482 401 obesset
504 347 534 401 et
555 339 682 400 horrens
705 339 847 400 Arcadius
871 337 944 400 sus?

175 429 282 510 quidve
304 432 465 508 tripectora
486 430 645 507 tergemini
668 429 712 488 ris
737 426 883 506 Geryonai
1107 451 1135 491 ss

123 621 156 672 31
175 613 256 667 tanto
280 623 369 683 opere
393 603 546 663 officerent
568 603 655 664 nohis
679 603 847 682 Stymphala
870 599 1023 665 colentes?
1106 627 1133 666 sr

176 700 207 754 et
227 691 377 753 Diomedis
400 693 470 770 equi
492 693 639 770 spirantes
661 691 783 752 naribus
806 695 906 771 ignem
1107 715 1134 754 so

124 798 160 849 30
175 781 297 842 Thracis
320 779 527 858 Bistoniasque
549 779 650 858 plagas
674 787 760 857 atque
783 778 895 839 Ismara
917 786 1053 861 propter,
1107 803 1134 842 so

124 887 158 936 30
176 885 322 947 aureaque
345 866 543 946 Hesperidum
566 885 686 927 servans
710 865 852 944 fulgentia
875 867 964 947 mala,
1107 891 1134 931 sn

177 975 277 1037 asper,
299 954 404 1016 acerba
426 962 526 1035 tuens,
549 957 672 1015 immani
695 971 819 1032 corpore
843 972 967 1033 serpens

178 1044 291 1105 arboris
314 1043 466 1122 amplexus
490 1044 613 1122 stirpem
636 1042 707 1121 quid
730 1041 858 1121 denique
881 1042 1000 1103 obesset

125 1148 160 1200 35
176 1139 298 1211 propter
319 1131 486 1192 Atlanteum
508 1131 578 1191 litus
601 1130 763 1209 pelagoque
787 1149 902 1212 severa,

178 1238 236 1299 quo
263 1238 360 1298 neque
386 1227 488 1281 noster
517 1219 579 1280 adit
601 1221 757 1297 quisquam
778 1237 834 1280 nec
857 1218 1000 1279 barbarus
1023 1217 1136 1281 audet?

125 1323 158 1374 35
177 1309 305 1386 denique
329 1306 400 1386 quid
423 1307 527 1368 Cretae
550 1315 652 1368 taurus
675 1305 864 1386 Lernaeaque
887 1309 981 1385 pestis

177 1396 269 1475 hydra
292 1397 443 1456 venenatis
464 1403 566 1473 posset
588 1394 693 1455 vallata
716 1392 868 1455 colubris?

178 1491 277 1544 cetera
299 1483 335 1543 de
358 1501 466 1562 genere
484 1483 541 1543 hoc
565 1501 639 1561 quae
663 1489 732 1542 sunt
754 1489 891 1561 portenta
913 1490 1081 1564 perempta,

57 1561 66 1589 '
178 1574 206 1632 si
228 1589 290 1632 non
311 1573 387 1631 victa
410 1571 520 1651 forent,
544 1571 614 1649 quid
636 1569 756 1630 tandem
778 1572 842 1630 vira
865 1569 1029 1632 nocerent?

178 1659 234 1739 nil,
256 1666 290 1718 ut
312 1661 429 1736 opinor:
452 1660 493 1718 ita
516 1657 552 1719 ad
576 1660 711 1719 satiatem
733 1665 813 1718 terra
835 1659 966 1719 ferarum

126 1765 160 1814 40
179 1765 258 1808 nunc
281 1747 369 1805 etiam
392 1747 478 1805 scatit
501 1752 531 1805 et
552 1745 668 1824 trepido
691 1753 808 1806 terrore
831 1745 972 1824 repletast

178 1853 233 1914 per
255 1850 375 1893 nemora
398 1851 431 1892 ac
453 1839 568 1893 montes
591 1851 712 1911 magnos
736 1833 883 1911 silvasque
905 1835 1081 1916 profundas;

180 1940 254 2001 quae
277 1920 341 1981 loca
363 1920 474 1980 vitandi
496 1920 702 1999 plerumqnest
722 1928 824 1982 nostra
846 1928 986 2000 potestas.

180 2017 210 2071 at
232 2011 291 2070 nisi
311 2015 496 2087 purgatumst
517 2016 636 2088 pectus,
659 2027 734 2088 quae
757 2009 870 2089 proelia
892 2008 979 2070 nohis

180 2105 267 2177 atque
288 2096 421 2175 pericula
442 2104 535 2157 tumst
556 2099 681 2175 ingratis
704 2097 928 2158 insinuandum!

127 2203 161 2251 45
181 2193 304 2266 quantae
328 2192 391 2245 tum
414 2184 553 2246 scindunt
574 2186 725 2245 hominem
748 2184 923 2265 cuppedinis
946 2187 1024 2247 aeris

181 2273 339 2334 sollicitum
362 2290 462 2354 curae,
485 2274 646 2351 quantique
669 2273 792 2352 perinde
816 2272 952 2334 timores!

180 2361 286 2441 quidve
310 2360 448 2439 superbia
471 2362 613 2439 spurcitia
635 2379 669 2421 ac
691 2359 874 2439 petulantia?
910 2369 1035 2440 quantas

180 2449 313 2510 efficiunt
335 2447 444 2509 clades!
482 2448 552 2527 quid
575 2447 662 2508 luxus
686 2447 898 2528 desidiaeque?

179 2538 251 2597 haec
275 2537 365 2614 igitur
388 2538 440 2614 qui
461 2543 566 2597 cuncta
589 2535 740 2614 subegerit
762 2555 799 2596 ex
821 2539 978 2615 animoque

128 2643 161 2690 so
181 2623 328 2703 expulerit
350 2623 452 2704 dictis
475 2642 535 2684 non
558 2627 662 2704 armis,
685 2641 782 2686 nonne
805 2624 924 2686 decebit

179 2712 259 2772 hunc
281 2711 431 2771 hominem
453 2729 576 2772 numero
599 2711 698 2772 divom
720 2712 871 2791 dignarier
893 2709 981 2774 esse?

181 2819 248 2862 cum
270 2799 345 2860 hene
369 2802 545 2878 praesertim
568 2799 659 2861 multa
682 2818 716 2860 ao
739 2801 879 2861 divinitus
903 2803 977 2879 ipsis

180 2887 388 2950 immortalibn’
411 2887 447 2947 de
471 2887 547 2947 divis
571 2887 639 2947 dare
664 2887 742 2948 dicta
765 2891 858 2949 suerit

180 2986 268 3056 atque
292 2993 409 3036 omnem
432 2993 533 3036 rerum
555 2982 690 3036 naturam
712 2975 841 3054 pandere
866 2976 962 3036 dictis.

129 3081 162 3130 st
226 3064 316 3126 Cuius
340 3082 394 3142 ego
418 3065 569 3142 ingressus
592 3065 715 3142 vestigia
738 3064 808 3124 dum
831 3066 961 3125 rationes

181 3171 345 3232 persequor
368 3171 402 3214 ac
425 3152 515 3212 doceo
540 3151 641 3233 dictis,
664 3170 722 3230 quo
746 3171 879 3231 quaeque
901 3159 999 3212 creata

182 3239 300 3301 foedere
325 3243 397 3321 sint,
420 3243 452 3301 in
475 3258 510 3300 eo
534 3258 621 3317 quam
644 3241 684 3299 sit
706 3239 812 3300 druare
835 3257 991 3301 necessum

183 3345 238 3386 neo
260 3326 371 3388 validas
394 3329 507 3389 valeant
530 3329 593 3388 aevi
615 3327 785 3388 rescindere
807 3327 902 3408 leges,

185 3431 242 3491 quo
266 3431 373 3490 genere
397 3417 428 3475 in
449 3418 553 3494 primis
576 3417 668 3476 animi
689 3421 794 3476 natura
815 3425 962 3495 repertast

131 3517 165 3566 co
185 3501 282 3560 nativo
304 3504 434 3578 primunr
456 3505 617 3565 consistere
641 3521 765 3583 corpore
789 3509 869 3564 creta
