2500 3882
612 237 651 322 m

201 392 231 446 et
254 384 333 445 calor
355 387 433 445 inter
456 403 488 444 se
511 386 629 463 vigeant
652 388 807 446 commixta
829 405 884 465 per
906 394 1001 468 artus,

200 481 288 552 atque
312 472 382 533 alias
406 471 485 533 aliud
508 473 604 534 subsit
625 476 718 552 magis
742 476 941 555 emineatque,

116 570 181 620 285
200 569 234 622 ut
257 561 396 640 quiddam
418 561 483 621 fieri
505 561 639 622 videatur
662 561 697 621 ab
721 562 857 624 omnibus
880 581 985 644 unum,

200 668 238 710 ne
262 648 341 710 calor
363 668 397 709 ac
418 656 524 710 ventus
548 667 682 710 seorsum
705 668 896 729 seorsumque
918 658 1049 730 potestas

201 739 280 797 aeris
302 739 480 797 interemant
503 755 623 798 sensum
647 738 822 818 diductaque
846 739 966 800 solvant.

201 833 247 886 est
270 827 379 886 etenim
402 825 482 886 33131
504 824 553 886 ille
576 829 687 907 animo,
710 845 798 905 quem
821 829 923 908 sumit,
945 830 977 888 in
999 829 1043 888 ira

202 932 270 974 cum
292 914 430 974 fervescit
452 919 482 974 et
504 932 540 974 en
564 913 657 974 oculis
679 917 770 975 micat
791 917 888 976 acrius
911 915 1011 976 ardor:

119 1011 182 1061 290
201 1009 247 1062 est
269 1009 299 1062 et
321 1001 428 1080 frigida
450 1001 554 1083 multa,
578 1020 677 1062 comes
700 1003 879 1084 formidinis,
903 1022 985 1084 aura,

201 1108 275 1169 quae
299 1091 357 1150 ciet
378 1090 532 1151 horrorem
554 1090 696 1150 memhris
720 1098 750 1151 et
772 1094 899 1152 concitat
922 1099 1016 1152 artus:

203 1185 248 1238 est
271 1179 358 1238 etiam
382 1196 498 1257 quoque
520 1180 618 1257 pacati
641 1185 733 1239 status
759 1181 836 1240 airis
859 1179 922 1260 ille,

200 1273 321 1346 pectore
343 1266 500 1344 tranquillo
525 1268 576 1344 qui
598 1267 632 1326 fit
652 1266 790 1346 voltuque
814 1285 928 1328 sereno.

202 1354 254 1415 sed
277 1353 364 1414 calidi
386 1354 453 1434 plus
476 1360 522 1415 est
544 1353 603 1414 iliis
627 1354 734 1433 quibus
757 1357 836 1416 acria
859 1355 947 1416 corda

122 1451 183 1503 296
201 1442 399 1520 iracundaque
422 1460 507 1502 mens
529 1441 614 1503 facile
637 1443 804 1503 effervescit
824 1445 856 1503 in
878 1445 935 1524 ira;

202 1549 260 1610 quo
283 1548 391 1609 genere
415 1533 446 1590 in
468 1532 573 1609 primis
596 1532 640 1589 vis
663 1538 709 1591 est
730 1530 857 1591 violenta
879 1530 1010 1611 leonum,

201 1626 321 1699 pectora
344 1621 396 1697 qui
418 1619 537 1679 fremitu
560 1625 702 1697 rumpunt
723 1619 896 1698 plerumque
920 1626 1078 1697 gementes.

623 1726 642 1764 *

200 1703 257 1856 1133
280 1813 384 1874 capere
407 1796 518 1856 irarum
541 1795 648 1855 fluctus
671 1797 703 1856 111
726 1801 845 1875 pectore
868 1803 999 1874 possunt.
1018 1792 1029 1877 ΙΙ

202 1891 231 1944 at
253 1890 373 1944 ventosa
395 1885 488 1962 magis
512 1901 666 1943 cervorum
688 1884 793 1962 frigida
816 1901 900 1944 mens
924 1890 969 1944 est

124 1982 183 2033 300
203 1980 232 2033 et
254 1971 365 2050 gelidas
388 1973 475 2032 citius
497 1973 686 2050 perviscera
709 1974 836 2033 concitat
857 1990 956 2052 auras,

203 2078 277 2140 quae
299 2059 459 2120 tremulum
482 2059 593 2120 faciunt
614 2058 756 2119 memhris
780 2062 906 2120 existere
929 2067 1049 2120 motum.

203 2156 232 2210 at
254 2155 358 2208 natura
380 2146 470 2208 boum
492 2147 607 2226 placido
630 2149 723 2225 magis
746 2152 814 2206 aere
839 2149 922 2226 vivit,

202 2256 258 2297 nec
279 2238 369 2297 nimis
391 2238 448 2296 irai
470 2235 517 2296 fax
538 2252 678 2313 umquam
702 2233 819 2294 subdita
840 2235 937 2313 percit

202 2325 326 2404 fumida,
350 2323 521 2384 suffundens
544 2341 648 2383 caecae
671 2322 804 2401 caliginis
829 2321 976 2402 umbram,

126 2422 258 2474 3051133
281 2412 385 2491 gelidis
408 2419 507 2490 torpet
528 2410 595 2471 telis
617 2411 729 2490 perfixa
750 2412 881 2490 pavoris,

202 2504 421 2578 interutrasque
445 2502 530 2560 sitast
552 2517 654 2559 cervos
678 2516 837 2577 saevosque
860 2497 969 2559 leones.

203 2591 247 2650 sio
269 2589 421 2649 hominum
444 2606 537 2666 genus
561 2594 618 2648 est:
642 2590 773 2666 quamvis
797 2587 930 2647 doctrina
952 2586 1059 2666 politos

204 2680 363 2739 constituat
385 2679 496 2756 pariter
519 2675 675 2757 quosdam,
695 2683 795 2737 tamen
817 2674 867 2735 illa
888 2675 1030 2755 relinquit

202 2773 324 2826 naturae
347 2767 490 2844 cuiusque
513 2766 605 2824 animi
626 2767 749 2843 vestigia
770 2766 874 2842 prima.

128 2863 258 2915 3131133
281 2852 421 2914 radicitus
445 2851 530 2913 evelli
552 2851 627 2912 111313
649 2870 736 2931 posse
758 2851 962 2933 putandumst,

203 2944 276 3021 quin
298 2941 457 3020 proclivius
478 2940 527 3000 1113
550 2943 609 3000 iras
633 2940 769 3001 decurrat
791 2940 827 3000 ad
850 2942 939 3020 acris,

203 3030 252 3090 ille
275 3036 356 3090 metu
379 3031 466 3089 citius
488 3028 576 3107 paulo
598 3035 770 3109 temptetur,
793 3035 824 3088 at
845 3027 894 3087 ille

202 3120 308 3179 tertius
331 3119 454 3197 accipiat
477 3116 620 3196 quaedam
642 3115 815 3177 clementius
839 3131 941 3193 aequo.

201 3209 291 3286 inque
314 3205 379 3267 aliis
402 3205 490 3265 rebus
513 3204 616 3265 multis
639 3203 757 3264 differre
780 3209 931 3264 necessest

129 3302 183 3353 315
202 3302 322 3355 naturas
345 3294 497 3354 hominnm
520 3294 614 3353 varias
636 3310 792 3370 moresque
816 3292 963 3370 sequacis:

203 3402 329 3463 quorum
352 3401 406 3461 ego
429 3400 508 3442 nunc
531 3398 647 3460 nequeo
669 3398 770 3441 caecas
794 3397 940 3459 exponere
963 3396 1066 3440 causas

201 3490 257 3533 nec
280 3473 412 3551 reperire
435 3472 596 3549 figurarum
617 3476 662 3530 tot
684 3469 803 3529 nomina
826 3475 898 3548 quot
920 3475 988 3529 sunt

200 3562 369 3641 principiis,
392 3559 470 3620 unde
493 3559 565 3620 haee
589 3560 683 3618 oritur
705 3558 846 3618 variantia
868 3574 976 3618 rerum.
