2512 3874
600 197 639 250 IV
1064 199 1129 262 125

109 355 191 407 1055
207 339 259 401 sed
283 340 409 418 fugitare
433 339 518 402 decet
541 343 697 405 simulacra
720 351 750 404 et
772 343 878 423 pabula
901 348 1010 406 amoris

111 445 188 494 1040
207 428 375 488 absterrere
400 427 458 487 sibi
481 436 567 508 atque
591 431 647 490 alio
672 439 843 492 convertere
866 440 996 493 mentem

207 523 237 576 et
260 518 357 577 iacere
380 534 514 577 umorem
537 518 704 579 conlectum
727 522 757 580 in
776 537 900 599 corpora
919 539 1061 601 quaeque,
1075 541 1128 584 roes

207 622 264 664 nee
286 606 430 684 retinere,
453 606 546 665 semel
568 625 743 668 conversum
767 610 855 668 unius
878 626 991 690 amore,

208 699 238 752 et
261 709 379 752 servare
403 692 461 752 sibi
484 712 585 754 curam
609 703 781 774 certumque
805 695 949 757 dolorem:

113 796 193 846 1060
209 779 294 840 ulcus
319 782 398 840 enim
420 782 542 842 vivescit
566 789 595 842 et
618 786 807 845 inveterascit
829 782 947 865 alendo,

115 884 189 935 1045
209 869 299 946 inque
323 867 387 928 dies
411 868 509 946 gliscit
531 871 614 931 luvor
636 879 724 950 atque
748 890 887 933 aerumna
911 875 1068 952 gravescit,

208 958 235 1016 si
257 974 316 1015 uon
340 958 434 1034 prima
456 959 540 1018 novis
563 959 722 1020 conturbes
744 959 863 1020 volnera
885 959 979 1039 plagis
1076 982 1129 1023 roro

208 1043 416 1122 volgivagaque
440 1063 531 1123 vagus
553 1046 666 1108 Venere
689 1055 756 1108 ante
780 1050 911 1108 recentia
933 1066 1020 1109 cures

209 1139 260 1191 aut
282 1130 338 1191 alio
361 1135 459 1210 possis
482 1136 573 1193 animi
594 1135 750 1196 traducere
773 1142 878 1195 motus.

117 1235 193 1286 1065
252 1218 314 1280 Nec
336 1219 458 1280 Veneris
481 1221 580 1282 fructu
602 1231 684 1284 caret
705 1226 732 1283 is
755 1225 807 1302 qui
829 1225 901 1282 vitat
923 1240 1066 1304 amorem,

118 1322 190 1373 1000
210 1306 262 1368 sed
286 1309 384 1386 potius
408 1326 482 1386 0000
507 1317 576 1370 sunt
598 1313 662 1371 sine
685 1329 780 1389 poena
803 1311 954 1371 commoda
978 1314 1081 1371 sumit:

208 1413 277 1455 nam
300 1402 381 1455 certe
403 1405 506 1474 purast
528 1400 607 1458 sanis
631 1401 724 1476 magis
747 1399 816 1458 inde
839 1398 973 1478 voluptas
1076 1421 1127 1462 roro

209 1501 297 1562 quarn
320 1486 445 1544 miseris.
482 1487 592 1546 etenim
614 1486 750 1565 potiundi
772 1494 904 1565 ternpore
928 1489 959 1547 in
982 1489 1048 1566 ipso

209 1571 332 1632 iluctuat
353 1574 477 1632 incertis
499 1573 651 1634 erroribus
675 1574 763 1634 ardor
786 1582 947 1655 amantum,

119 1673 195 1725 1070
210 1652 220 1741 ll
230 1677 285 1718 neo
304 1667 419 1720 constat
437 1660 508 1739 quid
523 1664 653 1739 primum
667 1661 760 1722 oculis
774 1662 968 1742 manibusque
983 1664 1126 1725 fruantur.

121 1746 289 1826 10000001
312 1749 438 1828 petiere,
460 1756 599 1827 premunt
621 1757 698 1830 arte,
721 1751 891 1830 iaciuntque
914 1751 1045 1811 dolorem

210 1837 356 1915 corporis,
379 1843 409 1896 et
431 1835 535 1898 dentes
557 1837 684 1899 inlidunt
707 1856 794 1918 saepe
817 1838 931 1900 labellis
1075 1861 1127 1902 roeo

209 1921 368 2001 osculaque
391 1924 546 2006 adfligunt,
569 1929 637 2004 quia
660 1945 719 1987 non
743 1934 788 1987 est
809 1946 884 2006 pura
906 1926 1039 2006 voluptas

211 2018 241 2071 et
264 2011 376 2072 stimuli
399 2012 536 2093 subsunt,
559 2016 610 2091 qui
632 2017 774 2092 instigant
796 2014 913 2075 laedere
936 2015 966 2075 id
990 2019 1101 2097 ipsum,

121 2113 195 2166 1075
209 2099 456 2180 quodcumquest,
479 2100 576 2160 rabies
600 2101 677 2160 unde
700 2101 785 2162 illaec
808 2105 940 2180 germina
963 2111 1096 2182 surgunt

122 2203 192 2253 1000
212 2186 264 2248 sed
287 2187 390 2247 leviter
412 2206 522 2267 poenas
545 2189 653 2266 frangit
675 2189 773 2249 Venus
795 2191 875 2249 inter
897 2207 1040 2271 amorem,

209 2274 373 2354 blandaque
397 2276 526 2336 relrenat
547 2294 665 2337 morsus
688 2276 815 2337 admixta
837 2277 979 2356 voluptas.
1076 2301 1128 2342 mee

210 2381 336 2441 namque
359 2365 390 2423 in
414 2381 448 2424 eo
472 2382 539 2443 spes
563 2371 620 2445 est,
643 2364 751 2424 undcst
773 2365 888 2424 ardoris
911 2368 1007 2446 origo,

210 2453 356 2529 restingui
383 2469 499 2530 quoque
526 2470 613 2530 posse
639 2451 675 2512 ab
699 2452 803 2512 codem
826 2470 950 2531 corpore
972 2454 1127 2514 llammam.

123 2554 196 2605 1080
210 2539 288 2618 qnod
311 2540 377 2599 lieri
400 2547 501 2600 contra
523 2547 618 2600 totum
641 2547 745 2601 natura
767 2547 925 2620 repugnat,

125 2643 192 2693 1000
211 2644 327 2706 unaque
346 2645 394 2688 res
412 2628 484 2687 haec
503 2635 557 2709 est,
576 2630 660 2688 ouius
679 2646 822 2706 proquam
835 2628 962 2707 plurima
976 2629 1128 2711 habemus,

209 2722 269 2774 tam
293 2717 385 2793 magis
408 2715 536 2775 ardescit
558 2715 622 2776 dira
645 2715 809 2794 cuppedine
832 2725 945 2795 peetus
1076 2741 1129 2780 1oao

210 2820 278 2862 nam
301 2802 385 2862 cibus
409 2810 496 2881 atque
518 2822 605 2864 umor
627 2803 769 2864 membris
792 2803 958 2866 adsumitur
979 2808 1072 2887 intus3

210 2908 285 2968 quae
308 2893 446 2968 quoniam
470 2898 565 2951 certas
587 2899 712 2970 possunt
735 2891 870 2952 obsidere
893 2895 1000 2972 partis,

124 2978 266 3045 1oa5hoc
289 2978 373 3039 lacile
396 2977 531 3058 expletur
553 2978 672 3040 laticum
696 2980 872 3058 frugumque
895 2980 1016 3058 cupido:

126 3082 191 3132 loto
211 3085 247 3126 ex
269 3065 398 3127 hominis
420 3085 490 3126 vero
513 3066 586 3126 facie
611 3066 794 3145 pulchroque
818 3066 916 3127 colore

209 3153 253 3215 nil
276 3153 415 3214 daturin
438 3171 546 3232 corpus
568 3162 687 3233 praeter
709 3154 864 3215 simulacra
888 3153 1046 3215 fruendum
1076 3176 1129 3220 roae

200 3244 319 3322 ¹tenvia3
342 3259 417 3320 quae
440 3259 529 3302 vanos
553 3261 621 3321 spes
644 3250 740 3322 raptat
762 3259 849 3321 saepe
872 3241 995 3302 misella.

209 3337 243 3390 ut
265 3329 368 3389 bibere
390 3332 422 3390 in
446 3331 557 3389 somnis
580 3332 685 3391 sitiens
709 3348 798 3409 quom
821 3332 950 3411 quaerit,
973 3338 1003 3391 01
1025 3348 1111 3391 umor

120 3433 195 3483 1090
208 3434 268 3477 non
291 3418 390 3498 datur,
413 3418 549 3478 ardorem
573 3421 625 3496 001
647 3417 788 3478 membris
812 3421 962 3498 stinguere
985 3423 1093 3500 possit,

124 3521 190 3571 1010
210 3505 262 3565 sed
285 3504 406 3566 laticum
429 3505 585 3566 simulacra
607 3509 683 3585 petit
705 3507 872 3585 frustraque
896 3507 1008 3568 laborat

209 3595 241 3654 in
264 3594 419 3673 medioque
444 3596 494 3655 siti
515 3601 645 3654 torretur
668 3594 788 3654 llumine
811 3603 929 3676 potans,
1076 3617 1129 3659 noo
