2500 3882
87 217 129 282 66
569 217 609 270 ΠΙ

86 379 121 430 aa
141 372 171 425 at
193 371 295 425 contra
318 382 463 444 nusquam
487 370 629 442 apparent
651 363 811 424 Acherusia
834 364 950 443 templa.

139 447 149 536 Ι]
162 471 217 514 nec
239 452 326 513 tellus
350 452 446 513 obstat
469 454 541 531 quin
564 453 661 512 omnia
684 452 891 534 dispiciantur,

141 541 195 602 sub
218 540 343 621 pedibus
368 557 568 618 quaecumque
593 540 669 600 inira
691 558 745 619 per
767 541 854 600 inane
877 540 1065 623 geruntur]

139 629 186 690 his
208 629 264 690 tihi
285 646 332 688 me
355 627 445 689 rebus
469 627 612 706 quaedam
634 628 732 688 divina
755 627 888 709 voluptas

139 719 266 796 percipit
288 723 375 796 atque
397 715 516 796 horror,
540 715 617 794 quod
641 717 684 776 sic
707 722 812 776 natura
834 723 885 777 tua
908 719 937 777 vi

87 821 121 870 30
140 812 199 866 tam
222 804 376 865 manifesta
398 810 501 882 patens
525 821 561 863 er
585 805 665 864 omni
687 811 770 883 parte
793 811 941 865 retectast.

183 892 221 952 Et
244 893 381 970 quoniam
404 892 504 972 docui,
526 899 699 952 cunctarum
722 891 842 953 exordia
864 911 965 954 rerum

140 980 236 1060 qualia
259 982 319 1040 sint
341 987 371 1041 et
393 998 481 1059 quam
503 981 593 1039 variis
617 979 755 1040 distantia
777 979 880 1041 termis

141 1075 245 1147 sponte
269 1086 321 1128 sua
343 1067 466 1128 volitent
487 1073 608 1127 aeterno
632 1069 744 1147 percita
766 1074 861 1149 motu,

140 1174 233 1236 quove
256 1156 343 1216 modo
365 1158 481 1234 possint
502 1173 551 1216 res
574 1173 610 1216 ex
632 1155 679 1215 his
703 1174 836 1235 quaeque
863 1158 971 1236 creari,

87 1258 121 1308 35
139 1244 227 1305 hasce
251 1244 413 1305 secundum
435 1261 483 1304 res
507 1245 598 1303 animi
619 1250 724 1303 natura
747 1243 865 1304 videtur

139 1339 225 1410 atque
249 1335 362 1393 animae
386 1331 521 1392 claranda
543 1333 617 1392 meis
640 1333 699 1391 iam
722 1331 857 1393 versibus
882 1350 962 1413 esse,

140 1427 169 1481 et
191 1428 288 1481 metus
310 1420 359 1481 ille
383 1420 461 1480 foras
482 1437 625 1498 praeceps
648 1418 825 1480 Acheruntis
849 1420 993 1502 agendus,

139 1509 270 1570 funditus
293 1509 449 1569 humanam
473 1509 524 1587 qui
546 1510 636 1567 vitam
658 1507 759 1567 turbat
781 1506 817 1567 ab
840 1509 914 1589 imo,

139 1599 236 1656 omnia
259 1597 431 1656 suffundens
454 1596 558 1655 mortis
580 1598 713 1677 nigrore,
735 1613 832 1674 neque
855 1595 944 1657 ullam

85 1700 120 1748 40
139 1703 204 1745 esse
227 1683 406 1762 voluptatem
428 1683 570 1762 liquidam
593 1700 756 1762 puramque
782 1683 931 1762 relinquit.

138 1789 206 1832 nam
230 1770 307 1849 qued
331 1789 418 1850 saepe
439 1769 574 1830 homines
597 1769 715 1832 morbos
738 1773 832 1849 magis
855 1789 921 1832 esse
942 1772 1102 1834 timendos

138 1860 334 1938 infamemque
357 1859 456 1918 ferunt
477 1859 568 1918 vitam
591 1877 678 1938 quam
701 1859 821 1920 Tartara
844 1859 909 1940 leti,

139 1954 169 2008 et
192 1965 224 2007 se
247 1949 324 2007 scire
347 1948 437 2007 animi
459 1952 594 2006 naturam
617 1949 770 2026 sanguinis
794 1965 873 2027 esse,

138 2042 188 2096 aut
211 2036 300 2095 etiam
321 2036 414 2112 venti,
438 2036 463 2094 si
486 2034 543 2094 fert
566 2036 605 2094 ita
629 2035 705 2095 sorte
727 2033 875 2116 voluntas,
1063 2051 1097 2091 aa

85 2137 119 2188 45
137 2142 193 2184 nec
215 2141 335 2203 prosum
359 2125 516 2201 quicquam
538 2129 655 2182 nostrae
679 2125 802 2184 rationis
826 2141 926 2203 egere,
1063 2140 1096 2180 ιι

136 2212 206 2272 hinc
228 2211 297 2272 licet
320 2210 454 2272 advertas
476 2212 606 2270 animum
628 2213 721 2288 magis
744 2213 842 2271 omnia
863 2209 959 2272 laudis
1062 2226 1097 2267 cs

138 2302 241 2361 iactari
265 2317 352 2360 causa
375 2317 463 2379 quam
486 2298 563 2377 qued
587 2316 635 2358 res
658 2301 722 2378 ipsa
744 2298 894 2377 probetur.
1063 2314 1100 2354 ar

139 2395 272 2448 extorres
294 2388 373 2447 idem
395 2389 490 2466 patria
512 2387 658 2465 longeque
681 2387 773 2465 fugati

137 2481 298 2554 conspectu
319 2494 356 2535 ex
378 2475 544 2556 hominum,
567 2474 676 2535 foedati
698 2477 823 2535 crimine
845 2476 939 2556 tmpi,

84 2578 118 2627 50
137 2562 273 2623 omnibus
287 2565 437 2624 aerumnis
452 2562 559 2624 adiecti
581 2563 724 2643 denique,
746 2565 861 2644 vivunt,

97 2675 103 2690 ·
137 2658 167 2712 et
189 2667 374 2729 quocumque
396 2657 495 2710 tamen
518 2652 621 2711 miseri
643 2668 751 2710 venere
773 2657 931 2729 parentant

136 2746 166 2799 at
187 2739 287 2816 nigras
309 2743 437 2798 mactant
458 2738 587 2816 pecudes
611 2744 640 2798 et
662 2738 790 2799 manibu'
814 2739 889 2800 divis

136 2827 259 2887 inferias
281 2827 414 2906 mittunt,
436 2826 588 2905 multoque
611 2828 642 2886 in
665 2824 755 2887 rebus
779 2825 893 2887 acerbis

136 2917 233 2977 acrius
256 2913 412 2974 advertunt
434 2916 546 2974 animos
569 2913 605 2975 ad
628 2913 809 2993 religionem.

82 3018 116 3068 55
136 3021 194 3083 quo
217 3005 311 3081 magis
334 3003 364 3061 in
389 3000 487 3062 dubiis
509 3001 660 3062 hominem
683 3010 816 3082 spectare
839 3001 960 3082 periclis

136 3093 272 3152 convenit
295 3090 485 3168 adversisque
509 3092 540 3150 in
563 3089 652 3151 rebus
676 3108 801 3151 noscere
824 3093 876 3170 qui
898 3093 945 3151 sit.

135 3197 204 3240 nam
225 3197 311 3239 verae
334 3196 420 3238 voces
444 3185 507 3238 tum
529 3177 648 3238 demum
670 3186 790 3258 pectore
813 3179 850 3240 ab
873 3181 931 3239 imo

135 3266 307 3346 eliciuntur3
330 3266 476 3346 deripitur
498 3283 638 3347 persona,
661 3273 760 3327 manet
783 3285 841 3327 res.

136 3353 263 3431 denique
286 3356 423 3414 avarities
445 3360 475 3414 et
497 3354 642 3415 honorum
665 3373 751 3416 caeca
774 3354 895 3435 cupide,

82 3457 116 3505 60
136 3458 210 3519 quae
233 3441 358 3500 miseros
380 3441 515 3502 homines
539 3450 647 3520 cogunt
669 3442 879 3503 transcendere
903 3443 976 3503 fines

136 3530 211 3589 iuris
235 3534 264 3587 et
287 3528 436 3589 interdum
459 3532 554 3591 socios
579 3528 724 3591 scelerum
747 3537 834 3610 atque
857 3532 1012 3591 ministros
