2512 3874
612 221 652 276 VI
1071 219 1135 286 183

197 376 228 430 44
252 386 455 447 quaecumque
478 369 510 428 in
534 387 569 429 eo
592 374 656 428 tum
679 369 739 428 sint
762 367 906 448 deprensa
929 368 1057 430 tumultu

125 465 181 516 430
196 459 312 535 navigia
334 459 366 517 in
389 474 538 518 summum
560 459 679 517 veniant
701 463 805 517 vexata
824 455 977 536 periclum.
1095 479 1135 520 seo
1187 463 1190 468 ’

197 546 253 606 hoc
276 545 310 604 fit
331 544 383 606 ubi
406 544 555 605 interdum
578 562 638 604 nou
661 547 725 623 quit
747 547 791 604 ris
814 546 904 605 incita
926 547 1007 606 venti

125 650 179 701 444
199 651 336 713 rumpere
361 650 448 711 quam
472 634 570 714 coepit
592 631 715 712 nubem,
738 632 790 692 sed
813 632 965 714 deprimit,
987 639 1021 694 ut
1043 635 1083 694 sit

123 767 126 772 -
198 724 230 782 in
252 739 333 782 mare
357 720 392 781 de
416 719 497 781 caelo
519 727 668 799 tamquam
691 721 820 781 demissa
842 720 990 802 columna,

198 808 351 890 paulatim,
375 810 460 887 quasi
483 808 553 887 quid
575 826 674 888 pugno
696 807 875 887 bracchique
898 827 1025 889 superne

126 903 183 956 435
198 899 334 958 04014040
355 896 492 957 trudatur
514 903 544 957 et
567 896 742 957 extendatur
763 898 795 957 in
815 896 923 978 undas3
1095 917 1136 960 444

200 1003 287 1064 quam
310 1003 377 1046 cum
401 984 534 1066 discidit,
555 984 626 1045 hinc
648 987 852 1065 prorumpitur
874 987 906 1046 iu
928 1003 1009 1046 mare
1032 987 1113 1045 venti

127 1090 181 1141 440
199 1075 243 1134 vis
267 1079 297 1133 ct
318 1073 465 1134 fervorem
486 1075 596 1133 mirum
619 1075 776 1154 concinnat
798 1075 829 1133 iu
852 1073 954 1134 undis:

199 1159 401 1222 versabundus
424 1162 505 1221 enim
527 1159 614 1221 turbo
638 1160 791 1222 descendit
813 1167 843 1221 et
865 1161 945 1221 illam

106 1298 111 1301 .
199 1248 319 1309 deducit
340 1251 452 1328 pariter
474 1247 553 1309 lento
578 1267 645 1309 cum
667 1267 791 1329 corpore
814 1247 937 1330 nubem3

128 1343 184 1394 440
200 1355 287 1415 quam
310 1335 398 1396 simul
421 1355 455 1397 40
478 1336 625 1414 gravidam
644 1337 778 1397 detrusit
790 1337 825 1397 ad
844 1355 971 1416 aequora
989 1338 1084 1418 ponti,
1095 1359 1136 1400 eso

127 1463 129 1469 ,
200 1424 250 1485 ille
272 1426 304 1485 in
327 1443 432 1502 aquam
455 1423 553 1484 subito
576 1430 671 1485 totum
694 1443 725 1485 se
748 1426 872 1485 inmittit
894 1431 924 1485 44
946 1443 1033 1500 omne¹

128 1529 182 1579 435
202 1514 310 1573 excitat
332 1514 446 1590 ingenti
469 1514 568 1573 sonitu
590 1530 671 1572 mare
694 1513 808 1572 fervere
832 1530 949 1591 cogens.

200 1601 234 1660 fit
256 1618 373 1679 quoque
397 1608 430 1660 ut
451 1589 578 1661 involvat
600 1602 680 1661 venti
703 1618 735 1660 se
758 1599 886 1661 nubibus
911 1603 976 1680 ipse

201 1694 314 1768 vertex,
338 1687 501 1749 conradens
523 1707 560 1749 ex
583 1692 650 1749 aire
674 1690 786 1748 semina
809 1687 910 1769 nubis,

127 1783 183 1834 445
200 1782 230 1837 44
252 1778 337 1854 quasi
360 1776 521 1836 demissum
543 1775 624 1837 caelo
646 1783 780 1855 prestera
803 1778 948 1838 imitetur:
1094 1797 1136 1840 444

201 1864 249 1924 hic
272 1863 323 1924 ubi
346 1882 378 1924 se
402 1865 434 1924 iu
456 1871 550 1924 terras
573 1864 693 1925 demisit
715 1863 922 1946 dissoluitque‚

129 1969 184 2019 440
201 1950 328 2012 turbinis
351 1954 509 2012 immanem
531 1954 590 2011 vim
612 1954 759 2031 provomit
781 1960 868 2030 atque
890 1951 1045 2032 procellae.

203 2040 254 2101 sed
278 2042 346 2118 quia
368 2040 401 2100 iit
423 2058 490 2100 raro
513 2041 632 2099 omniuo
655 2042 823 2117 montisque
846 2047 999 2101 necessest
1103 2067 1110 2084 ·

203 2128 320 2188 officere
344 2130 375 2188 in
398 2129 501 2207 terris,
524 2132 644 2206 apparet
666 2125 800 2187 crebrius
822 2125 902 2185 idem

130 2223 188 2274 450
202 2225 361 2295 prospectu
383 2217 474 2276 maris
496 2217 528 2274 in
550 2231 655 2292 magno
679 2213 818 2292 caeloque
841 2216 961 2292 patenti.
1095 2238 1136 2279 eoo

246 2302 352 2364 Nubila
374 2309 582 2382 concrescunt,
604 2300 656 2363 ubi
670 2319 801 2382 corpora
824 2300 916 2361 multa
937 2300 1061 2362 rolando

131 2408 184 2457 445
202 2391 258 2452 hoc
281 2409 389 2471 supero
412 2393 444 2452 in
466 2389 540 2451 caeli
563 2391 657 2469 spatio
680 2395 778 2450 coiere
801 2396 923 2468 repente

129 2535 131 2544 ,
203 2481 365 2559 asperiora,
388 2479 482 2539 modis
506 2496 581 2557 0044
603 2480 719 2557 possint
741 2476 913 2557 indupedita

203 2569 317 2645 exiguis
340 2574 438 2627 tamen
460 2568 539 2627 iuter
561 2584 594 2627 se
618 2584 791 2646 comprensa
812 2568 916 2626 teneri.

131 2662 187 2714 455
202 2655 275 2715 haec
297 2655 409 2715 iaciunt
429 2657 558 2734 primum
580 2672 684 2733 parvas
707 2656 871 2715 consistere
894 2653 1001 2714 nubes:
1096 2675 1136 2716 444

202 2742 271 2802 inde
295 2760 329 2802 44
352 2742 566 2821 comprendunt
587 2744 666 2802 inter
689 2760 720 2802 se
745 2760 859 2820 conque
882 2747 1041 2820 gregantur

130 2845 185 2895 450
204 2837 233 2890 44
256 2829 460 2908 coniungendo
483 2836 622 2890 crescunt
643 2831 797 2908 ventisque
820 2830 956 2890 feruntur
1067 2819 1071 2830 ’

203 2934 297 2996 usque
320 2917 392 2977 adeo
416 2916 509 2976 donec
531 2923 691 2996 tempestas
715 2935 800 2978 saeva
822 2922 958 2978 coortast.

203 3006 236 3064 fit
258 3023 375 3083 quoque
399 3007 443 3064 uti
465 3006 574 3064 montis
597 3006 692 3064 vicina
715 3007 867 3065 cacumina
890 3002 971 3063 caelo

130 3100 187 3152 400
203 3110 290 3171 quam
310 3095 370 3152 sint
388 3091 520 3171 quaeque
538 3093 641 3174 magis,
663 3098 743 3152 tanto
762 3093 855 3169 magis
875 3090 953 3151 edita
970 3090 1084 3151 sument
1097 3113 1139 3154 sao

203 3180 325 3240 adsidue
347 3180 456 3240 furvae·
471 3179 559 3240 nubis
582 3177 706 3257 caligine
730 3197 829 3240 crassa

130 3287 184 3336 455
202 3275 359 3348 propterea
382 3270 463 3348 quia,
487 3285 553 3328 cum
577 3269 743 3328 consistunt
765 3264 866 3327 nubila
888 3268 1031 3346 primum,

202 3363 269 3417 ante
292 3356 392 3417 videre
416 3354 494 3416 oculi
517 3373 604 3434 quam
626 3357 741 3434 possint
763 3357 873 3435 tenvia,
898 3357 980 3414 renti

201 3451 353 3524 portantes
376 3450 482 3522 cogunt
507 3443 542 3504 ad
566 3460 679 3504 summa
702 3445 854 3504 eacumina
876 3444 998 3504 montis:

131 3532 250 3612 4051414
273 3533 392 3600 demum
414 3533 447 3592 ut
469 3533 514 3592 uti
536 3529 622 3591 turba
644 3533 755 3592 maiore
780 3537 880 3619 coorta
1099 3550 1140 3592 ros
