2496 3876
479 205 759 262 PROLEGOMENA.
1057 206 1122 260 XIII

206 353 280 414 Cum
302 371 372 412 vero
394 353 483 414 huius
502 355 548 413 rei
571 371 684 414 summa
706 357 737 413 in
760 372 795 413 eo
818 356 912 432 posita
936 355 987 434 sit,
1015 361 1122 431 quanta

116 443 277 502 auctoritas
310 440 394 500 libris
426 459 515 501 manu
547 444 665 520 scriptis
697 441 856 521 tribuatur,
893 460 971 501 nunc
1003 443 1121 519 optimis

115 547 220 589 eorum
251 528 344 589 multo
374 530 515 589 maiorem
542 529 630 589 fidem
657 529 843 590 tribuendam
872 531 1007 589 existimo
1035 548 1122 607 quam

117 624 210 677 antea.
252 619 419 695 proximum
441 624 489 677 est
509 624 543 676 ut
566 624 723 694 quaeratur
742 620 861 695 quinam
880 619 940 676 sint
957 616 1000 676 illi
1019 619 1122 694 optimi

116 705 194 765 libri
257 704 294 764 de
335 723 392 782 qua
432 723 465 764 re
506 703 585 764 idem
626 722 744 785 censeo,
785 705 862 783 quod
905 705 974 764 olim
1011 707 1120 764 censui.

117 794 237 870 scripsit
263 791 384 852 Carolus
412 792 616 852 Lachmannus
644 795 675 852 in
702 795 905 853 commentarii
931 793 1121 872 praelationis

116 899 145 958 p.
170 877 189 939 9
213 880 297 940 haec:
326 875 434 939 ‘omnis
457 887 588 940 vetustae
612 880 747 940 lectionis
769 883 911 941 memoria
934 900 950 941 e
972 881 1121 941 Vossianis

118 967 270 1027 codicibus
293 968 453 1046 repetenda
473 974 526 1048 est,
549 971 607 1028 nisi
627 967 847 1046 quod-oblongo
866 969 1015 1029 interdum
1034 968 1122 1028 [idem

117 1055 211 1115 Italici
229 1054 379 1133 abrogant,
398 1055 531 1133 quadrati
548 1060 752 1116 auctorItatem
770 1056 924 1134 aIIquando
944 1059 1122 1116 imminuunt

118 1138 262 1203 schedae'.
314 1142 391 1221 quod
425 1161 512 1221 quam
543 1151 624 1204 recte
652 1143 813 1204 iudicatum
841 1152 932 1224 esset,
966 1163 1000 1204 eo
1028 1147 1121 1222 magis

117 1232 265 1311 perspexi,
288 1249 346 1309 quo
369 1230 485 1308 longius
508 1231 543 1290 ad
567 1250 685 1291 carmen
708 1231 931 1310 perpoliendum
949 1231 1122 1292 incumbens

118 1319 302 1379 diversorum
329 1318 463 1378 codicum
489 1317 630 1398 indolem,
658 1327 799 1397 quantum
826 1322 890 1378 eius
921 1320 986 1379 fieri
1007 1327 1123 1398 poterat

118 1406 154 1467 ab
183 1425 231 1486 eo,
259 1409 310 1484 qui
336 1425 396 1466 non
423 1408 487 1484 ipse
510 1408 656 1484 inspicere
679 1413 792 1486 posset,
820 1408 982 1466 examinavi
1004 1414 1034 1466 et
1056 1425 1122 1484 per-

117 1494 216 1572 pendi.
257 1512 353 1572 neque
372 1494 452 1554 idem
469 1512 548 1553 nunc
567 1511 626 1553 non
644 1493 730 1572 vulgo
750 1497 925 1554 existimant.
962 1497 1124 1553 extiterunt

120 1582 238 1660 quidem
266 1590 333 1642 ante
359 1582 414 1641 hos
441 1581 633 1660 quadraginta
656 1582 718 1642 lere
746 1600 837 1642 annos
866 1584 917 1660 qui
943 1581 1124 1642 Lachmanni

119 1669 261 1730 iudIeium
276 1671 425 1729 infirmare
440 1677 625 1730 conarentur.
658 1689 725 1730 cum
739 1673 818 1730 enim
829 1671 920 1730 codex
930 1670 1123 1750 Victorianus,

119 1760 171 1836 qui
182 1757 351 1817 Monaohiae
366 1766 542 1838 asservatur,
555 1760 704 1818 mentione
720 1761 783 1819 1111
798 1760 926 1836 primum
941 1757 1122 1836 aSpengeIIo

120 1845 195 1905 lacta
223 1848 316 1922 magis
344 1847 533 1925 innotuisset,
561 1848 673 1906 inventi
696 1853 765 1906 sunt
788 1849 839 1924 qui
861 1850 889 1906 ei
911 1845 986 1906 libro
1009 1853 1123 1906 tantum

119 1932 298 2013 tribuerent,
329 1940 363 1992 ut
393 1951 461 1992 eum
492 1932 685 1993 Leidensibus
718 1937 744 1993 si
776 1953 835 1994 non
866 1933 1063 2013 praeferrent,
1094 1941 1124 1992 at

120 2028 288 2099 aequarent.
339 2039 464 2099 quorum
491 2021 702 2100 disputationes
730 2024 789 2081 iam
816 2021 934 2082 silentio
961 2023 1122 2100 praeterire

119 2108 202 2170 licet:
221 2109 321 2169 docuit
339 2111 418 2168 enim
435 2109 549 2189 Munro,
567 2111 612 2169 vir
630 2110 687 2169 fide
705 2110 906 2189 dignissimus,
924 2109 1123 2169 Victorianum

120 2215 216 2274 neque
239 2196 392 2256 meliorem
415 2216 481 2257 esse
503 2216 600 2275 neque
624 2197 800 2258 deteriorem
824 2216 912 2276 quam
931 2199 1033 2274 vIginti
1051 2196 1123 2256 alios

119 2283 239 2344 Lucreti
252 2285 368 2344 codices
382 2284 511 2365 Italicos,
526 2284 562 2345 cl.
576 2287 665 2363 prael.
681 2286 725 2345 ed.
742 2287 843 2344 maior.
858 2304 885 2363 p.
901 2281 951 2344 25.
984 2302 1000 2342 e
1016 2286 1123 2343 ceteris

119 2371 205 2432 libris
232 2371 359 2432 Florent.
387 2369 431 2433 30
463 2373 493 2432 id
522 2372 632 2432 honum
658 2373 759 2453 habet,
791 2372 869 2450 quod
897 2370 1009 2430 Niccoli
1035 2389 1124 2431 manu

120 2462 249 2538 scriptus
263 2459 402 2538 Poggiani
421 2459 530 2521 codicis
550 2459 699 2538 exemplar
717 2478 830 2520 summa
849 2478 917 2520 cum
935 2459 992 2518 fide
1011 2460 1123 2519 referre

118 2547 248 2628 videtur,
285 2551 335 2626 qui
371 2555 469 2608 tamen
500 2547 613 2609 Niccoli
644 2549 736 2608 codex
767 2551 954 2627 incorruptae
987 2550 1123 2625 antIquae

120 2638 283 2714 scripturae
310 2638 395 2696 testis
423 2655 490 2696 esse
516 2654 701 2715 nequaquam
728 2637 875 2716 putandus
901 2643 959 2716 est,
987 2637 1124 2696 Munroni

120 2725 147 2783 si
174 2723 330 2784 oredimus.
376 2742 413 2783 ex
438 2724 494 2784 hoc
521 2727 612 2802 Igitur
638 2724 684 2784 vel
710 2743 746 2784 ex
769 2725 895 2784 Florent.
924 2721 965 2784 31
994 2727 1124 2802 itemque

119 2829 156 2870 ex
184 2811 248 2870 aliis
275 2810 359 2872 libris
387 2811 500 2871 decimo
529 2814 630 2890 quinto
658 2812 773 2873 saeculo
801 2815 832 2872 in
858 2811 940 2872 111111
967 2811 1124 2889 descrIptIs

119 2900 147 2958 si
175 2899 245 2976 quid
272 2898 433 2980 lucramur,
461 2917 520 2959 non
548 2908 593 2960 est
615 2903 751 2979 antiquae
774 2903 933 2960 memorIae
957 2899 1044 2979 fides,
1072 2898 1123 2958 sed

119 2989 320 3046 correctiones
339 3005 375 3047 ex
393 2989 523 3047 virorum
542 2987 696 3049 doctorum
714 2991 840 3066 ingeniis
858 2987 1015 3066 profectae.
1052 2986 1124 3047 haec

119 3073 240 3134 dIsertis
272 3073 370 3135 verbis
402 3075 481 3135 volui
508 3094 654 3154 exponere
682 3084 769 3155 atque
798 3077 957 3154 affirmare,
990 3091 1027 3134 ne
1057 3077 1124 3154 quis

119 3169 288 3243 quaereret,
314 3182 367 3223 cur
395 3170 428 3223 ut
450 3165 585 3242 antiquae
609 3164 776 3225 traditionis
799 3170 890 3225 testes
913 3161 1009 3222 nullos
1032 3162 1124 3222 libros

119 3250 256 3310 afferrem
279 3253 339 3311 nisi
361 3251 525 3330 Oblongum
548 3259 578 3312 et
600 3252 787 3323 Quadratum.
829 3252 890 3310 scio
914 3251 1033 3330 quidem
1057 3258 1123 3310 ante

118 3337 174 3397 hos
202 3345 340 3416 quattuor
368 3358 459 3400 annos
488 3341 584 3399 virum
612 3341 757 3419 quendam
786 3340 989 3400 doctissimum
1013 3339 1125 3417 aliquot

117 3425 211 3486 libros
235 3426 353 3487 Italicos
376 3435 453 3488 totos
473 3427 641 3509 contulisse,
665 3448 701 3489 ex
720 3430 828 3489 ceteris
847 3447 881 3488 ea
899 3435 1025 3507 notasse,
1049 3443 1122 3504 quae

118 3513 155 3573 ad
183 3513 326 3576 Iudicium
353 3516 389 3576 de
418 3519 461 3576 eis
488 3517 643 3578 ferendum
672 3518 849 3578 sufficerent.
900 3515 952 3576 sed
980 3532 1047 3576 cum
1074 3512 1123 3572 ille
