2500 3882
128 208 169 272 16
621 206 634 260 I

198 362 227 416 at
250 357 388 434 quoniam
411 373 501 434 supra
524 353 611 414 docui
633 352 675 413 nil
698 370 785 432 posse
809 353 905 412 oreari

198 443 234 505 de
256 443 317 504 nilo
339 461 436 521 neque
460 441 539 520 quod
562 443 723 520 genitumst
746 439 782 500 ad
805 439 847 500 nil
870 440 1017 520 revocari,

128 539 181 590 646
197 550 263 593 esse
286 531 435 592 inmortali
457 530 618 610 primordia
641 546 764 608 corpore
788 527 909 608 debent,

128 629 179 678 640
198 619 322 682 dissolui
344 637 403 698 quo
427 635 559 697 quaeque
583 635 721 698 supremo
744 623 877 696 tempore
900 617 1028 696 possint,

198 711 336 770 materies
359 715 392 768 ut
415 705 583 786 subpeditet
605 705 694 766 rebus
717 703 897 784 reparandis.

199 804 268 857 sunt
290 798 381 874 igitur
404 794 497 855 solida
519 793 680 874 primordia
704 792 880 873 simplicate,

198 902 254 945 neo
276 886 389 945 ratione
413 890 525 961 queunt
548 882 603 943 alia
627 888 740 942 servata
762 899 817 960 per
839 897 941 941 aevom

129 979 183 1030 550
200 990 236 1032 ex
259 973 373 1032 infinito
396 973 454 1032 iam
477 978 610 1050 tempore
632 988 681 1030 res
703 987 850 1048 reparare.

130 1067 180 1118 646
199 1077 288 1139 porro
312 1061 339 1120 si
361 1059 470 1120 nullast
492 1057 660 1137 frangendis
683 1056 798 1118 reddita
821 1057 888 1116 finis

201 1147 387 1228 corporibus,
410 1153 509 1208 tamen
533 1165 569 1206 ex
592 1152 711 1206 aeterno
735 1152 866 1225 tempore
890 1162 1022 1223 quaeque

200 1254 278 1296 nuno
301 1239 388 1296 etiam
408 1253 548 1315 superare
570 1240 723 1295 necessest
745 1251 869 1313 eorpora
892 1231 995 1314 rebus,

130 1333 185 1384 660
200 1342 273 1403 quae
296 1323 426 1385 nondum
450 1323 566 1383 clueant
588 1321 647 1382 ullo
670 1327 811 1401 temptata
833 1320 957 1400 periclo:

201 1420 230 1473 66
253 1413 392 1491 quoniam
414 1411 510 1490 fragili
532 1417 637 1471 natura
659 1409 792 1488 praedita
811 1416 958 1490 constant,

131 1509 182 1558 660
201 1501 350 1579 discrepat
372 1508 525 1561 aeternum
547 1506 664 1577 tempus
686 1499 818 1577 potuisse
841 1515 960 1558 manere

130 1595 184 1647 583
201 1587 465 1649 innumerabilibus
488 1587 581 1666 plagis
604 1592 705 1647 vexata
728 1603 783 1665 per
805 1603 913 1646 aevom.

131 1684 182 1734 661
201 1677 328 1754 denique
352 1678 378 1736 si
399 1674 509 1735 nullam
532 1675 622 1734 linem
643 1681 747 1734 natura
769 1679 902 1752 parasset

201 1763 370 1842 frangendis
392 1762 494 1843 rebus,
518 1763 576 1822 iam
598 1780 722 1842 corpora
744 1763 878 1822 materiai

201 1870 296 1930 usque
319 1850 436 1911 redacta
458 1851 555 1911 forent
578 1868 647 1910 aevo
670 1850 822 1928 frangente
845 1851 958 1930 priore,

132 1948 182 1998 666
202 1947 235 2001 ut
257 1939 299 1999 nil
322 1958 358 1999 ex
381 1938 440 1999 illis
463 1957 479 1998 a
502 1945 583 1998 certo
606 1945 740 2017 tempore
762 1944 863 2018 posset

132 2037 186 2088 666
202 2033 376 2107 conceptum
399 2025 435 2086 ad
458 2043 605 2086 summum
628 2027 731 2087 aetatis
753 2025 913 2105 pervadere
936 2027 1012 2087 finis.

201 2135 270 2178 nam
293 2114 408 2195 quidvis
431 2117 519 2176 eitius
542 2114 664 2175 dissolvi
685 2133 772 2193 posse
795 2115 928 2176 videmus

202 2222 289 2285 quam
312 2222 417 2265 rursus
438 2204 534 2264 refici:
558 2222 614 2282 qua
636 2209 758 2283 propter
780 2202 866 2281 longa
889 2201 948 2262 diei

201 2296 316 2354 infinita
339 2299 419 2353 aetas
443 2298 509 2352 ante
533 2295 590 2353 aeti
612 2292 755 2370 temporis
778 2293 874 2351 omnis

132 2388 183 2437 660
202 2382 280 2461 quod
304 2381 442 2460 fregisset
464 2379 559 2441 adhue
582 2378 751 2440 disturbans
775 2378 1014 2460 dissoluensque,

132 2477 186 2528 560
202 2486 362 2547 numquam
384 2467 496 2529 relicuo
518 2470 650 2546 reparari
672 2474 805 2546 tempore
828 2474 937 2547 posset.
1093 2480 1135 2522 ooo

203 2565 231 2617 at
253 2574 345 2636 nuno,
368 2557 521 2636 nimirum,
543 2555 697 2634 frangendi
719 2555 833 2616 reddita
854 2555 922 2615 finis

203 2651 283 2704 certa
305 2651 416 2723 manet,
440 2645 577 2722 quoniam
600 2645 683 2703 refioi
705 2660 769 2703 rem
792 2661 937 2722 quamque
960 2641 1093 2705 videmus

202 2739 232 2792 et
254 2733 336 2793 linita
360 2732 448 2791 simul
471 2733 633 2810 generatim
655 2738 787 2809 tempora
810 2731 900 2792 rebus

133 2829 184 2878 666
203 2827 294 2900 stare,
318 2819 425 2898 quibus
447 2821 562 2900 possint
584 2821 648 2880 aevi
670 2821 840 2898 contingere
863 2819 975 2880 florem.

133 2917 187 2968 666
247 2903 256 2992 ll
269 2907 334 2969 Huo
357 2908 469 2969 aceedit
491 2910 547 2989 uti,
571 2907 749 2968 solidissima
771 2909 905 2969 materiai

203 3016 327 3076 corpora
350 3015 417 3057 eum
440 3003 586 3078 constant,
609 2998 725 3077 possint
746 3002 845 3056 tamen
868 2997 966 3056 omnia
988 2995 1074 3056 reddi

202 3086 302 3145 mollia
325 3103 399 3163 quae
422 3085 509 3165 liunt,
532 3091 595 3166 aer,
619 3104 706 3165 aqna,
728 3090 820 3165 terra,
843 3101 979 3164 raporeS,

203 3192 261 3252 quo
284 3180 369 3253 paeto
392 3174 475 3254 fiant,
499 3179 528 3233 et
551 3176 659 3252 quavi
682 3191 815 3252 quaeque
838 3178 991 3252 gerantur,

133 3270 184 3320 660
203 3262 364 3323 admixtum
388 3264 525 3341 quoniam
548 3261 640 3322 semel
662 3268 708 3321 est
730 3263 762 3322 in
785 3259 874 3322 rebus
897 3262 996 3320 inane:

133 3357 188 3410 670
201 3356 231 3409 66
254 3357 356 3412 eontra
378 3353 404 3412 si
426 3349 525 3411 mollia
548 3352 608 3410 sint
628 3348 789 3429 primordia
811 3367 924 3429 rerum,
1096 3363 1132 3405 aro

203 3438 282 3498 unde
306 3447 413 3516 queant
434 3439 522 3500 validi
546 3438 645 3500 silices
667 3438 837 3515 ferrumque
860 3439 955 3497 creari

203 3544 263 3586 non
285 3528 394 3604 poterit
415 3530 489 3587 ratio
512 3527 610 3589 reddi:
635 3545 704 3589 nam
726 3524 858 3586 funditus
881 3527 976 3586 omnis
