2512 3874
627 223 651 278 V

204 367 356 447 llabraque
379 375 534 429 ventorum
556 369 684 429 violento
707 368 826 429 turbine
849 377 963 430 vexant.

206 462 360 535 praeterea
383 475 476 535 genus
499 457 680 518 horriferum
702 465 806 518 natura
828 456 958 517 ferarum

206 545 351 605 humanae
375 547 456 622 genti
477 545 619 605 infestum
641 552 779 624 terraque
802 547 934 623 marique

133 649 187 698 210
207 650 261 692 cur
283 632 336 692 alit
358 639 446 711 atque
469 629 577 718 auget?
612 652 666 693 cur
689 635 760 694 anni
781 641 914 711 tempora
936 633 1055 694 morbos
1102 656 1142 696 sao

133 736 189 787 221
206 717 382 798 adportant?
419 739 508 798 qnare
531 739 611 782 mors
635 723 781 781 inmatura
803 717 945 799 vagatur?

206 814 271 868 tum
292 825 381 886 porro
404 826 493 888 puer,
514 815 548 869 ut
570 811 665 869 saevis
688 811 838 888 proiectus
861 808 897 868 ab
919 809 1007 869 undis

207 898 317 978 navita,
341 895 437 956 nudus
460 896 543 956 humi
564 899 654 977 iacet,
677 897 788 977 inianS,
811 896 930 974 indigus
953 899 1052 957 omni·

207 983 289 1043 vitali
312 983 434 1064 auxilio,
457 1003 524 1045 cum
546 987 676 1063 primum
699 987 730 1045 in
752 983 873 1045 luminis
897 1002 964 1045 oras

135 1087 190 1138 215
208 1071 327 1132 nixibus
351 1090 388 1132 ex
409 1071 473 1133 alvo
496 1075 599 1132 matris
621 1080 725 1134 natura
747 1072 892 1152 proludit,
1103 1092 1142 1134 aaa

135 1175 197 1228 226
208 1162 365 1238 vagituque
388 1159 485 1220 locum
508 1159 627 1239 lugubri
649 1159 789 1240 complet,
811 1166 845 1220 nt
868 1167 1025 1239 aequumst

209 1251 258 1309 oui
279 1256 393 1309 tantum
416 1250 447 1309 in
470 1249 528 1310 vita
551 1256 643 1310 restet
664 1251 793 1310 transire
815 1248 967 1309 malorum.

209 1344 239 1397 at
260 1339 358 1397 variae
381 1344 520 1399 creseunt
540 1338 670 1417 pecudes
693 1343 825 1398 armenta
848 1336 1000 1416 feraeque,

209 1442 264 1484 nec
287 1425 475 1503 crepitacillis
498 1444 572 1504 opus
596 1433 654 1506 est,
677 1444 733 1486 nee
756 1427 893 1503 cuiquam
916 1423 1109 1484 adhibendast

136 1529 190 1578 220
210 1512 301 1573 almae
324 1515 450 1573 nutricis
472 1513 577 1573 blanda
600 1520 687 1591 atque
709 1513 833 1573 infracta
855 1511 994 1591 loquella,
1104 1535 1143 1574 eoo

135 1615 265 1668 231nec
286 1603 381 1660 varias
406 1606 552 1680 quaerunt
572 1607 670 1660 vestes
692 1619 746 1679 pro
768 1608 902 1678 tempore
926 1600 1013 1680 caeli,

210 1689 337 1766 denique
359 1705 420 1748 non
443 1690 532 1748 armis
555 1705 630 1766 opus
654 1695 711 1768 est,
733 1705 793 1748 non
816 1687 971 1748 moenibus
995 1688 1075 1769 altis,

210 1778 277 1855 quis
301 1793 353 1836 sua
375 1782 522 1855 tutentur,
545 1775 662 1853 quando
686 1775 824 1836 omnibus
846 1778 944 1836 omnia
965 1776 1046 1855 large

210 1862 298 1924 tellus
321 1866 385 1942 ipsa
407 1865 486 1942 parit
507 1870 669 1942 naturaque
693 1862 813 1924 daedala
835 1882 944 1924 rerum.

135 1967 191 2018 225
253 1951 402 2030 Principio
425 1953 563 2030 quoniam
586 1953 677 2011 terrai
699 1969 806 2030 corpus
829 1958 860 2011 et
880 1969 968 2011 umor
1104 1971 1143 2012 aaa

135 2054 197 2107 236
209 2057 404 2117 aurarumque
428 2037 507 2098 leves
530 2040 644 2098 animae
667 2038 813 2116 calidique
835 2056 972 2118 vapores,

210 2145 226 2186 e
251 2126 358 2204 quibus
380 2126 453 2186 haec
475 2144 576 2186 rerum
600 2127 763 2187 consistere
787 2144 901 2186 summa
923 2126 1053 2206 videtur,

211 2217 308 2274 omnia
331 2216 428 2274 nativo
451 2233 485 2275 ae
503 2213 621 2274 mortali
643 2231 768 2292 corpore
792 2220 938 2294 constant,

211 2301 298 2362 debet
321 2302 424 2363 eodem
448 2305 543 2363 omnis
566 2302 671 2363 mundi
692 2310 798 2363 natura
819 2303 925 2380 putari.

136 2406 192 2456 230
211 2392 320 2469 quippe
343 2393 466 2471 etenim,
488 2409 615 2470 quorum
636 2393 729 2469 partis
753 2397 783 2450 et
805 2387 936 2449 membra
955 2388 1144 2450 videmusne

135 2493 333 2557 241corpore
356 2481 454 2539 nativo
478 2497 511 2539 ae
534 2477 707 2538 mortalibus
731 2495 797 2537 esse
820 2478 935 2556 liguris,

210 2567 283 2626 haec
305 2565 407 2626 eadem
430 2567 522 2626 lerme
545 2565 680 2626 mortalia
703 2567 852 2626 cernimus
876 2581 943 2624 csse

211 2662 241 2715 ct
262 2656 358 2714 nativa
381 2653 477 2714 simul.
515 2661 694 2733 quapropter
716 2655 843 2714 maxima
865 2653 969 2713 mundi

210 2760 278 2802 cum
299 2741 414 2802 videam
436 2741 568 2802 membra
590 2761 624 2803 ae
646 2744 740 2822 partis
763 2749 937 2821 consumpta
959 2741 1087 2819 regigni,

137 2846 192 2896 235
211 2832 288 2890 scire
311 2829 380 2890 lieet
403 2829 477 2890 caeli
499 2849 615 2909 quoque
638 2833 710 2891 item
732 2838 888 2909 terraeque
912 2831 1004 2890 luisse
1106 2848 1145 2888 aaa

136 2933 197 2987 246
207 2917 382 2996 principiale
406 2917 524 2997 aliquod
545 2926 662 2998 tempus
685 2919 856 2998 clademque
879 2918 1016 2979 futuram.

254 3005 329 3065 Illud
351 3008 383 3066 in
405 3006 452 3066 his
475 3005 564 3066 rebus
587 3025 625 3066 ne
649 3008 830 3084 corripuisse
853 3008 945 3066 rearis

210 3110 257 3154 me
281 3093 367 3173 mibi,
391 3092 470 3172 qnod
492 3100 602 3154 terram
625 3099 712 3170 atque
735 3095 835 3170 ignem
857 3092 989 3151 mortalia
1014 3093 1127 3169 sumpsi

211 3199 291 3262 esse,
315 3199 411 3260 neque
433 3199 568 3242 umorem
591 3179 721 3241 dubitavi
744 3196 889 3257 aurasque
911 3181 1024 3259 perire,

136 3285 192 3335 240
210 3276 298 3348 atque
322 3269 424 3329 eadem
447 3271 528 3348 gigni
550 3287 713 3348 rursusque
738 3283 896 3346 augescere
921 3266 993 3326 dixi:
1108 3288 1146 3329 cao

135 3373 194 3426 251
208 3359 357 3436 principio
379 3375 449 3436 pars
471 3360 563 3418 terrai
585 3357 737 3437 nonnulla,
760 3361 881 3434 perusta

211 3444 323 3505 solibus
347 3444 491 3526 adsiduis,
513 3445 604 3504 multa
626 3444 741 3524 pulsata
763 3443 873 3521 pedum
896 3445 938 3523 ri,

209 3533 341 3613 pulveris
365 3533 479 3594 exhalat
501 3532 639 3594 nebulam
661 3531 814 3610 nubesque
838 3530 977 3610 volantis,
