2512 3874
599 205 638 260 IV

117 370 169 420 665
188 353 330 432 pedatim
352 351 447 412 facilis
470 352 628 413 distraetus
651 354 683 412 in
706 355 784 413 aeris
807 372 906 434 auras,

189 461 226 502 ex
251 441 308 502 alto
330 442 459 519 primum
483 443 551 518 quia
573 443 622 500 vir
645 443 790 501 emittitur
812 460 848 502 ex
869 459 915 501 re:

189 547 259 590 nam
280 531 400 608 penitus
422 528 515 589 fluere
539 535 625 606 atque
648 529 788 589 recedere
812 529 901 590 rebus
925 529 1031 589 odores
1086 549 1126 590 666

189 618 336 696 signifieat
359 615 438 694 quod
460 616 552 676 tracta
575 618 668 694 magis
692 617 826 678 redolere
848 616 986 677 videntur

117 723 173 773 695
192 707 303 784 omnia,
327 703 404 782 quod
429 706 567 785 contrita,
591 703 669 783 quod
692 707 754 782 igni
777 705 987 788 conlabefacta:

117 810 171 860 660
190 793 296 854 deinde
319 791 419 852 videre
442 791 512 852 licet
535 791 695 852 maioribus
719 811 784 853 esse
808 800 939 853 creatum

188 881 345 961 principiis
368 897 455 958 66666
477 897 547 960 vox,
570 883 708 958 quoniam
730 899 784 959 per
807 899 893 942 saxea
917 887 1016 960 saepta

189 987 250 1029 non
272 974 420 1049 penetrat,
444 986 501 1046 qua
523 986 578 1027 vox
600 967 684 1046 volgo
708 971 880 1047 sonitusque
903 969 1047 1029 feruntur.
1087 989 1126 1030 roo

191 1075 282 1136 quare
305 1058 394 1116 etiam
417 1055 495 1134 quod
518 1055 577 1116 olet
599 1074 659 1116 non
681 1061 742 1116 tam
764 1056 848 1116 facile
872 1075 938 1116 esse
962 1055 1074 1116 videbis

118 1162 175 1213 700
191 1146 368 1222 investigare
391 1146 422 1203 in
446 1162 503 1222 qua
526 1146 565 1204 sit
587 1147 707 1222 regione
731 1144 870 1204 locatum:

119 1249 171 1298 666
190 1233 358 1310 refrigescit
380 1234 461 1292 enim
484 1232 648 1292 cunctando
671 1232 756 1311 plaga
778 1250 832 1311 per
855 1251 954 1313 auras,

190 1339 247 1381 nee
270 1319 363 1380 calida
386 1319 421 1378 ad
446 1337 568 1380 sensum
589 1319 750 1380 deournmt
771 1323 874 1380 nuntia
897 1338 1005 1380 rerum.

191 1414 293 1471 errant
315 1425 402 1485 saepe
425 1425 513 1467 oanes
537 1409 637 1486 itaque
660 1415 691 1468 et
711 1410 834 1486 vestigia
857 1414 1010 1487 quaerunt.
1087 1429 1125 1470 roo

235 1488 318 1577 11Ν66
341 1501 439 1554 tamen
461 1495 517 1554 hoo
540 1494 611 1555 solis
634 1497 665 1555 in
688 1495 827 1556 odoribus
852 1503 938 1574 atque
963 1513 1101 1574 saporum

119 1585 222 1652 7051n
245 1590 395 1663 generem,
418 1582 470 1642 sed
493 1585 563 1643 item
588 1585 702 1662 speeies
724 1602 825 1643 rerum
848 1591 934 1663 atque
958 1583 1072 1644 colores

119 1690 172 1738 600
190 1689 251 1732 non
273 1673 314 1730 ita
336 1673 514 1730 conveniunt
536 1671 572 1731 ad
596 1689 700 1732 sensus
723 1671 861 1732 omnibus
885 1691 1000 1753 omnes,

191 1766 225 1820 ut
247 1775 306 1819 non
330 1761 391 1818 sint
413 1756 478 1818 aliis
503 1759 645 1837 quaedam
667 1763 760 1839 magis
783 1763 862 1821 aeria
884 1763 958 1822 visu.

192 1848 265 1926 quin
288 1849 376 1906 etiam
399 1845 519 1928 gallum,
542 1853 658 1907 noctem
681 1848 924 1927 explaudentibus
947 1849 1001 1910 aiis
1086 1871 1125 1911 no

192 1953 328 1995 auroram
351 1933 429 1994 clara
451 1942 625 1995 consuetum
646 1954 717 1996 voce
739 1954 857 2017 vocare,

118 2041 176 2093 710
191 2040 290 2083 noenu
313 2029 424 2101 queunt
446 2022 544 2082 rabidi
566 2030 668 2083 contra
690 2031 825 2084 constare
848 2024 949 2084 leones

119 2128 173 2178 666
191 2113 282 2188 inque
304 2112 394 2170 tueri:
417 2112 458 2169 ita
481 2113 620 2170 continuo
643 2113 804 2171 meminere
827 2112 921 2192 fugai,

191 2201 345 2279 nimirum7
368 2200 436 2276 quia
459 2205 528 2258 sunt
550 2196 692 2276 gallorum
714 2201 746 2259 in
769 2217 892 2278 oorpore
916 2199 1059 2277 quaedam

193 2288 318 2366 semina,
341 2303 415 2364 quae
439 2303 506 2346 oum
530 2293 599 2346 sunt
621 2284 713 2346 oculis
736 2289 858 2348 inmissa
881 2285 1012 2369 leonum,
1086 2310 1124 2351 us

191 2373 318 2454 pupillas
341 2372 535 2433 interfodiunt
557 2390 713 2452 aeremque
737 2374 867 2434 dolorem

117 2479 176 2532 715
191 2461 347 2542 praebent,
370 2468 403 2521 ut
424 2468 572 2539 nequeant
595 2468 696 2522 contra
718 2462 824 2523 durare
847 2463 975 2544 feroces3

118 2568 174 2620 roo
194 2569 261 2612 cum
283 2556 381 2609 tamen
403 2548 475 2608 haee
497 2555 614 2609 nostras
637 2551 715 2610 acies
738 2550 781 2610 nil
802 2550 918 2611 laedere
941 2553 1068 2631 possint,

192 2645 242 2698 aut
264 2639 412 2716 quianon
435 2643 604 2717 penetrant,
627 2645 677 2698 ant
699 2638 776 2716 quod
799 2639 1021 2716 penetrantibus
1044 2639 1103 2700 illis

193 2727 289 2786 exitus
312 2743 348 2785 ox
371 2723 464 2784 oculis
487 2724 563 2785 liber
585 2725 683 2806 datur,
706 2728 737 2785 in
759 2726 934 2787 remorando
1086 2749 1126 2790 no

192 2813 309 2873 laedere
331 2830 369 2872 ne
391 2815 507 2892 possint
529 2831 565 2872 ex
586 2812 646 2873 ulla
669 2813 780 2873 lumina
802 2822 893 2893 parte.
911 2811 922 2894 ΙΙ

118 2919 180 2972 720
235 2901 320 2961 Nunc
339 2918 400 2981 age,
419 2918 493 2978 quae
511 2909 647 2960 moveant
664 2904 794 2962 animum
812 2921 861 2962 res
875 2904 984 2983 accipe,
1003 2908 1032 2962 et
1046 2903 1124 2962 unde

119 3006 173 3058 ‘105
193 3007 268 3068 quae
290 2991 412 3049 veniunt
433 2990 552 3049 veniant
574 2990 605 3050 in
627 2996 757 3050 mentem
778 2993 898 3070 percipe
921 2991 1032 3067 patrois.

192 3077 339 3157 principio
362 3077 418 3138 hoo
441 3076 520 3156 dieo,
542 3095 644 3137 rerum
667 3075 823 3138 simulacra
845 3079 944 3154 vagari

192 3165 285 3226 multa
307 3165 402 3224 modis
424 3163 525 3225 multis
548 3167 580 3224 in
603 3172 723 3226 cunetas
746 3165 875 3244 undique
897 3166 990 3243 partis
1087 3186 1126 3228 ns

191 3256 303 3334 tenvia,
326 3272 401 3332 quae
424 3252 508 3313 166116
532 3255 611 3313 inter
634 3271 665 3313 66
690 3256 852 3331 iunguntur
874 3255 904 3312 in
928 3253 1020 3332 arinis,

119 3356 180 3409 725
194 3341 278 3401 obvia
301 3359 369 3401 oum
390 3343 525 3422 veniunt,
547 3348 581 3402 ut
604 3359 710 3402 aranea
732 3341 902 3419 bratteaque
926 3342 998 3400 auri.

120 3446 174 3495 710
194 3431 302 3508 quippe
326 3431 436 3490 etenim
458 3428 550 3489 multo
573 3431 666 3508 magis
689 3430 761 3489 haee
785 3437 853 3488 sunt
875 3429 972 3488 tenvia
993 3434 1077 3488 textu

194 3535 282 3595 quam
306 3536 379 3595 quae
402 3519 571 3597 percipiunt
594 3517 695 3578 oculos
719 3520 870 3596 visumque
894 3516 1054 3596 lacessunt,

879 3618 916 3671 8*
