2512 3874
593 233 620 288 V
681 241 684 250 '
1045 233 1107 298 153

94 386 152 438 801
169 379 286 440 lincunt
309 386 413 458 sponte
437 397 490 440 sua
512 383 623 441 victum
645 384 793 460 vitamque
815 389 958 461 petentes
1145 439 1153 452 ,

172 475 237 528 tum
259 467 316 528 tibi
338 474 419 527 terra
447 467 528 528 dedit
549 470 680 547 primum
702 469 836 530 mortalia
859 470 961 532 saecla.
1069 491 1108 532 soa

172 555 284 616 multus
307 557 387 615 enim
410 555 491 616 calor
514 563 602 636 atque
624 576 710 618 umor
733 557 890 637 superabat
912 561 943 618 in
967 560 1056 620 arvis:
1103 621 1105 626 ,

172 643 229 704 hoc
252 643 304 704 ubi
327 662 462 722 quaeque
484 643 543 704 loci
564 647 647 724 regio
671 653 835 725 opportuna
858 645 993 727 dabatur,

96 748 152 798 ‘195
173 731 349 793 crescebant
370 734 450 792 uteri
471 739 583 792 terram
605 734 754 794 radicibus
777 737 851 815 apti3

95 826 159 894 806
173 838 249 899 quos
271 819 324 880 ubi
345 828 479 899 tempore
502 828 617 881 maturo
639 822 819 901 patefecerat
841 829 921 883 aetas

172 909 333 988 infantum,
355 909 472 986 fugiens
494 927 629 970 umorem
653 928 797 988 aurasque
819 917 987 992 petessens,
1069 935 1107 974 818

173 994 363 1057 convertebat
385 995 428 1056 ibi
450 1003 554 1057 natura
577 999 719 1058 foramina
741 1005 839 1059 terrae

173 1093 204 1145 et
226 1103 331 1145 sucum
352 1086 436 1144 venis
459 1083 582 1163 cogebat
600 1086 723 1147 fundere
747 1089 857 1165 apertis

96 1189 154 1238 800
173 1172 358 1232 consimilem
379 1171 478 1254 lactis,
501 1175 579 1234 sicut
601 1192 680 1235 nuuc
702 1176 811 1235 femina
833 1194 967 1256 quaeque

96 1266 155 1318 811
174 1278 242 1320 cum
263 1263 394 1341 peperit,
417 1259 497 1321 dulci
519 1260 652 1340 repletur
673 1262 762 1344 lacte,
785 1263 863 1342 quod
887 1267 983 1324 omnis

172 1349 301 1426 impetus
324 1350 356 1408 in
378 1366 520 1409 mammas
544 1352 726 1411 convertitur
748 1351 798 1411 ille
821 1351 960 1412 alimenti.
1066 1374 1106 1415 815

172 1443 252 1496 terra
275 1435 374 1496 cibum
397 1439 513 1517 pueris,
535 1445 647 1498 vestem
669 1457 771 1520 vapor,
793 1437 885 1499 herba
907 1439 1004 1501 cubile

172 1522 333 1602 praebebat
354 1523 446 1584 multa
469 1531 499 1584 et
521 1524 603 1586 molli
625 1526 762 1605 lanugine
785 1525 946 1588 abundans.

97 1619 204 1678 801181
224 1613 338 1672 novitas
360 1611 542 1673 mundinae
565 1614 674 1692 frigora
697 1615 771 1675 dura
794 1613 889 1675 ciebat

97 1707 157 1760 816
171 1719 227 1761 188
249 1702 357 1760 nimios
380 1706 480 1760 aestus
502 1719 558 1762 nec
579 1705 693 1781 magnis
716 1702 828 1763 viribus
847 1721 941 1763 auras.

173 1789 271 1849 omnia
294 1790 373 1848 enim
395 1790 508 1866 pariter
530 1798 669 1852 crescunt
690 1797 721 1851 et
742 1789 850 1851 robora
872 1799 1001 1852 sumunt.
1066 1816 1105 1856 818

217 1876 314 1947 Quare
341 1877 430 1936 etiam
457 1882 545 1954 atque
571 1880 660 1938 etiam
681 1886 847 1940 maternum
869 1898 978 1940 nomen
1001 1880 1105 1960 adepta

172 1972 252 2026 terra
274 1970 357 2025 tenet
378 1965 499 2045 merito,
521 1968 660 2043 quoniam
682 1985 775 2045 genus
798 1970 863 2045 ipsa
885 1971 993 2029 creavit

99 2069 154 2120 818
172 2053 333 2114 humanum
355 2059 442 2130 atque
466 2052 574 2112 animal
596 2071 688 2132 prope
712 2061 792 2114 certo
815 2061 948 2133 tempore
972 2056 1048 2116 fudit

99 2140 376 2220 88181118,81811
399 2141 430 2200 in
453 2142 567 2218 magnis
589 2139 748 2201 bacchatur
771 2141 912 2202 montibu'
935 2146 1058 2225 passim,

173 2231 326 2307 aeriasque
350 2227 438 2287 simul
461 2227 595 2288 volueres
618 2228 790 2290 variantibu'
813 2230 924 2290 formis.
1065 2255 1104 2296 ⁸25

173 2316 228 2377 secl
249 2318 317 2394 quia
339 2316 428 2376 linem
452 2315 580 2394 aliquam
601 2316 737 2395 pariendi
760 2315 847 2376 debet
869 2316 992 2399 habere,

172 2405 299 2484 destitit,
321 2410 354 2464 ut
376 2403 484 2464 mulier
507 2406 600 2482 spatio
625 2405 740 2464 defessa
762 2411 885 2465 vetusto.

101 2510 152 2561 815
171 2498 266 2554 mutat
288 2493 368 2552 enim
389 2492 494 2553 mundi
515 2499 651 2553 naturam
673 2494 763 2553 totius
786 2499 880 2574 aetas,

100 2589 159 2642 826
173 2600 209 2642 81
232 2580 348 2660 alioque
372 2579 447 2640 alius
470 2586 563 2640 status
586 2583 722 2660 excipere
747 2582 845 2642 omnia
868 2581 968 2664 debet,
1066 2607 1105 2646 818

173 2688 229 2731 188
250 2675 349 2730 manet
370 2667 431 2728 ulla
454 2669 501 2728 sui
525 2668 629 2730 similis
651 2687 713 2732 res:
737 2672 836 2730 omnia
858 2673 999 2752 migrant,

172 2759 271 2819 omnia
292 2762 453 2817 commutat
475 2763 580 2816 natura
603 2763 633 2817 81
654 2763 768 2818 vertere
793 2761 879 2836 cogit.

171 2862 299 2924 namque
322 2843 401 2904 aliud
424 2845 569 2922 putrescit
592 2851 621 2904 et
644 2862 714 2904 aevo
738 2844 834 2906 debile
857 2845 987 2926 languet,
1098 2897 1101 2905 ,

101 2950 152 2999 818
170 2950 260 3012 porro
284 2931 363 2993 aliud
389 2931 525 2992 clarescit
548 2938 578 2992 et
599 2949 615 2994 c
637 2933 854 3011 contemptibus
877 2934 949 2993 81111

100 3029 153 3079 831
169 3023 213 3080 818
236 3023 327 3098 lgitur
349 3020 452 3080 mundi
475 3026 609 3079 naturam
631 3022 723 3080 totius
746 3028 826 3080 aetas

170 3115 278 3188 mutat,
301 3114 331 3168 et
354 3126 391 3168 81
414 3106 471 3167 8118
493 3114 604 3166 terram
627 3112 721 3166 status
744 3108 854 3185 excipit
876 3105 962 3188 alter,
1065 3131 1104 3172 815

170 3197 249 3276 quod
272 3195 341 3256 tulit
363 3202 397 3256 ut
419 3200 558 3275 nequeat,
580 3195 676 3272 possit
699 3195 777 3272 quod
799 3212 860 3254 non
882 3193 950 3255 tulit
973 3203 1048 3256 ante.
1097 3237 1099 3242 ·

213 3284 363 3363 Multaque
386 3290 450 3343 1111
473 3281 559 3342 tellus
583 3283 671 3342 etiam
694 3289 831 3361 portenta
854 3301 955 3343 creare

98 3391 149 3440 825
170 3378 303 3433 conatast
325 3373 401 3431 mira
424 3371 500 3430 facie
521 3368 722 3450 membrisque
745 3377 858 3446 coorta,

97 3468 154 3521 836
168 3460 380 3540 androgynum,
387 3460 606 3536 interutrasque
614 3477 669 3518 188
677 3465 786 3539 utrum,
793 3461 942 3538 utrimque
948 3467 1103 3540 remotum,

168 3549 241 3610 orba
262 3548 371 3628 pedum
394 3547 516 3628 partim,
538 3563 679 3606 manuum
701 3547 818 3607 viduata
841 3549 985 3627 vicissim,
1062 3570 1102 3610 818
