2500 3882
403 856 445 940 T.
469 856 694 942 LUORETI
727 857 851 944 CARI

264 1007 354 1104 DE
400 1007 652 1107 RERUM
696 1011 992 1111 NATURA

450 1181 583 1246 LIBER
604 1182 799 1250 TERTIUS.

175 1465 200 1525 E
223 1465 355 1526 tenebris
376 1467 466 1526 tantis
489 1472 550 1526 tam
572 1466 684 1528 clarum
707 1468 847 1529 extollere
870 1469 970 1531 lumen

176 1555 229 1632 qui
250 1555 365 1632 primus
387 1555 510 1632 potuisti
532 1554 694 1616 inlustrans
717 1556 869 1617 commoda
891 1560 981 1640 vitae,

176 1649 206 1702 te
231 1659 352 1722 sequor,
375 1659 392 1700 ο
416 1640 520 1702 Graiae
542 1645 639 1722 gentis
662 1645 764 1727 decus,
787 1647 876 1725 inque
899 1649 958 1708 tuis
981 1667 1060 1709 nune

176 1731 244 1790 fieta
265 1730 375 1808 pedum
396 1747 474 1808 pono
496 1734 609 1809 pressis
632 1735 755 1812 vestigia
778 1736 884 1815 signio,

137 1831 236 1880 onon
258 1820 300 1877 ita
316 1817 455 1903 ¹certandi
477 1820 602 1897 cupidus
626 1839 713 1898 quam
734 1831 855 1901 propter
877 1841 1007 1884 amorem

176 1905 255 1984 quod
278 1912 307 1966 te
330 1907 440 1966 imitari
463 1925 546 1968 aveo:
570 1908 640 1986 quid
663 1912 742 1969 enim
766 1909 921 1971 contendat
942 1911 1071 1973 hirundo

177 1995 289 2074 cycnis,
313 2000 362 2053 aut
385 1994 524 2072 quidnam
546 1995 681 2056 tremulis
704 1997 800 2057 faeere
824 1997 945 2059 artubus
967 1999 1054 2061 haedi

177 2081 329 2142 consimile
352 2084 384 2142 in
407 2101 496 2143 cursu
517 2086 634 2162 possint
656 2091 685 2144 et
707 2085 793 2144 fortis
815 2087 885 2162 equi
907 2084 974 2147 ris?

131 2221 134 2224 .
176 2177 222 2250 tu,
244 2176 340 2251 pater,
364 2189 396 2231 es
419 2189 520 2232 rerum
542 2173 690 2253 inventor,
712 2179 745 2232 tu
767 2173 862 2251 patria
882 2173 967 2234 nobis

121 2273 158 2322 ιο
177 2258 347 2336 suppeditas
369 2266 539 2338 praecepta,
562 2263 679 2339 tuisque
703 2279 752 2341 ex,
775 2259 899 2342 inclute,
922 2261 1046 2342 chartis,
1164 2323 1166 2326 ,

176 2345 314 2406 floriferis
336 2355 370 2407 ut
392 2366 462 2426 apes
484 2350 516 2408 in
539 2347 661 2409 saltibus
685 2351 782 2409 omnia
804 2348 910 2430 libant,

177 2435 274 2494 omnia
296 2452 351 2494 nos
373 2434 477 2495 itidem
499 2436 685 2514 depascimur
708 2453 796 2496 aurea
819 2435 910 2518 diota,

176 2539 278 2602 aurea,
299 2529 442 2601 perpetua
465 2541 582 2603 semper
605 2523 777 2602 dignissima
799 2526 866 2584 rita.

175 2627 244 2669 nam
267 2609 355 2669 simul
377 2628 411 2670 ao
433 2613 509 2670 ratio
531 2620 581 2672 tua
604 2615 701 2691 eoepit
723 2612 877 2673 vociferari

122 2712 157 2761 15
174 2704 310 2757 naturam
332 2715 445 2778 rerum,
468 2699 565 2760 divina
587 2709 686 2760 mente
710 2707 821 2781 coorta,

175 2784 332 2863 diffugiunt
353 2787 444 2846 animi
465 2793 609 2869 terroreS,
631 2790 747 2848 moenia
769 2789 873 2849 mundi

174 2872 342 2954 discedunt,
365 2880 460 2934 totum
482 2874 567 2934 video
589 2893 643 2953 per
666 2877 752 2937 inane
775 2879 838 2956 geri
861 2896 918 2938 res.

175 2970 296 3040 apparet
318 2961 417 3023 divum
439 2981 548 3023 numen
572 2963 715 3043 sedesque
740 2968 868 3045 quietae,

175 3067 247 3126 quas
269 3068 365 3129 neque
389 3053 561 3111 concutiunt
582 3054 664 3112 venti
685 3071 741 3113 neo
762 3052 863 3113 nubila
885 3053 994 3114 nimbis

117 3153 155 3202 20
174 3146 335 3216 aspergunt
355 3156 451 3217 neque
474 3141 526 3199 nix
549 3141 611 3199 aeri
633 3147 770 3202 concreta
792 3143 899 3219 pruina

173 3244 245 3285 cana
268 3226 375 3287 cadens
399 3227 488 3287 violat
511 3245 685 3306 semperque
707 3228 859 3290 innubilus
882 3229 984 3291 aether

171 3315 290 3396 integit,
313 3321 343 3375 et
365 3313 445 3393 large
469 3315 576 3376 dilluso
599 3315 709 3376 lumine
733 3317 844 3376 rident:

171 3404 271 3463 omnia
293 3403 462 3482 suppeditat
483 3422 572 3482 porro
595 3412 712 3485 natura,
734 3423 830 3484 neque
853 3403 912 3466 ulla

171 3509 220 3550 res
243 3493 333 3551 animi
355 3510 458 3570 paoem
481 3491 590 3553 delibat
608 3499 740 3571 tempore
763 3495 795 3552 in
818 3492 888 3553 ullo.

169 3600 314 3643 huonrrrus.
329 3602 363 3642 ad.
377 3601 505 3652 Brleget.
896 3598 912 3647 5
