2500 3882
139 237 202 301 108
272 289 274 296 .
627 233 665 286 IV

135 399 190 450 436
206 400 274 442 nam
298 399 499 460 quaecumque
523 398 612 458 supra
635 397 735 440 rorem
758 378 828 439 salis
852 379 929 440 edita
952 397 1021 458 pars
1044 387 1093 439 est

207 487 371 550 remorum,
393 475 517 548 rectast,
540 475 570 528 et
591 475 672 528 recta
696 483 823 546 superne
847 467 990 544 guhema:

208 576 283 636 quae
306 557 441 618 demersa
464 556 611 635 liquorem
634 555 756 635 obeunt,
779 555 904 615 refracta
927 555 1064 615 videntur
1108 578 1150 618 444

208 647 307 706 omnia
328 646 461 706 converti
484 662 662 723 sursumque
686 645 792 722 supina
814 645 923 702 reverti

137 749 188 800 444
208 741 240 794 44
261 732 371 793 reflexa
393 750 485 811 prope
508 734 540 792 in
563 749 678 792 summo
702 731 817 791 fluitare
840 730 964 810 liquore.

137 838 190 888 441
206 839 331 900 raraque
353 838 408 899 per
431 819 545 880 caelum
568 837 637 880 cum
659 821 740 879 venti
761 817 863 879 nubila
885 825 1004 898 portant

207 916 341 987 tempore
364 913 523 988 nocturno,
545 915 607 968 tum
631 907 784 986 splendida
807 909 891 985 signa
913 906 1051 966 videntur

209 995 302 1056 labier
324 995 480 1056 adversum
502 995 620 1056 nimbos
643 1004 730 1074 atque
753 997 796 1054 irc
821 1011 947 1072 superne
1108 1016 1148 1056 444

210 1084 297 1162 longe
320 1083 406 1144 aliam
428 1086 460 1143 in
483 1090 598 1162 partem
621 1101 654 1143 ac
677 1100 747 1143 vera
768 1084 882 1142 ratione
904 1083 1048 1142 lenmtur.

138 1188 191 1238 440
210 1179 239 1232 44
262 1174 288 1232 si
311 1171 386 1232 forte
410 1170 495 1232 oculo
517 1189 622 1231 manus
644 1173 697 1230 uni
720 1170 837 1230 subdita
860 1177 964 1249 supter

138 1275 193 1326 446
210 1258 321 1339 pressit
343 1277 425 1341 eum,
448 1259 576 1338 quodam
599 1277 688 1319 sensu
711 1259 744 1319 fit
766 1261 811 1319 uti
832 1258 987 1319 videantur

210 1350 307 1408 omnia
331 1365 405 1426 quae
427 1349 540 1408 tuimur
562 1348 629 1407 fieri
650 1354 714 1407 tum
736 1346 806 1406 hina
827 1347 952 1427 tuendo,

209 1435 278 1495 bina
300 1435 488 1496 lucernarum
510 1435 646 1496 florentia
669 1434 780 1494 lumina
801 1434 941 1516 flammis,
1108 1459 1150 1498 444

209 1523 336 1602 binaque
359 1541 414 1602 per
435 1529 513 1583 totas
536 1523 618 1583 aedis
640 1525 790 1600 geminare
814 1522 958 1603 supellex,

140 1627 191 1676 435
211 1618 241 1671 44
262 1611 388 1689 duplicis
411 1611 566 1670 hominum
589 1611 679 1670 iacies
702 1617 733 1670 et
755 1628 879 1688 corpora
900 1610 977 1670 hina.

139 1715 190 1765 451
208 1699 336 1776 denique
360 1715 427 1758 cum
450 1701 533 1758 suavi
555 1698 687 1758 devinxit
709 1697 841 1758 membra
864 1715 971 1777 sopore

211 1803 331 1846 somnus
355 1787 438 1845 etin
462 1803 576 1845 summa
599 1803 707 1864 corpus
729 1788 805 1846 iacet
827 1803 913 1846 omne
937 1788 1051 1867 quiete,

210 1881 274 1934 tum
296 1872 417 1951 vigilare
440 1880 539 1933 tamen
562 1872 648 1933 nobis
671 1880 701 1933 et
723 1873 855 1934 membra
877 1892 995 1934 movere
1109 1898 1151 1938 4⁵5

210 1968 312 2022 nostra
334 1961 481 2042 videmur,
505 1969 535 2020 et
557 1963 589 2020 in
611 1963 708 2020 noctis
730 1961 854 2039 caligine
877 1979 963 2022 caeca

140 2067 193 2116 440
211 2067 334 2111 cernere
357 2067 513 2109 censemus
537 2047 630 2109 solem
655 2049 813 2127 lumenque
836 2050 988 2129 diurnum,

139 2154 195 2205 456
209 2135 406 2215 conclusoque
430 2135 494 2197 loco
518 2137 631 2198 caelum
653 2155 734 2197 mare
757 2137 878 2197 flumina
900 2140 1010 2198 montis

210 2232 325 2285 mutare
349 2231 379 2284 et
401 2243 519 2304 campos
541 2225 667 2304 pedibus
692 2227 819 2284 transire
842 2225 989 2306 videmur,

212 2320 242 2373 44
264 2315 378 2373 sonitus
402 2313 517 2392 audire,
540 2330 642 2372 severa
666 2310 781 2372 silentia
804 2315 900 2373 noctis
1110 2337 1153 2378 4⁶0

210 2401 341 2480 undique
365 2418 433 2460 cum
456 2407 604 2481 constent,
627 2407 657 2460 et
678 2399 804 2460 reddere
827 2400 906 2461 dicta
927 2407 1068 2462 tacentes.

140 2505 192 2554 444
212 2495 311 2548 444444
333 2488 370 2547 de
394 2505 502 2566 genere
524 2489 581 2548 hoc
603 2487 744 2548 miracula
767 2487 859 2548 multa
881 2489 1030 2569 videmus,

140 2593 194 2643 461
212 2593 286 2654 quae
309 2574 418 2635 violare
441 2575 530 2635 fidem
554 2579 638 2654 quasi
660 2575 797 2636 sensibus
821 2579 919 2637 omnia
942 2585 1100 2658 quaeruut,

211 2665 403 2743 nequiquam,
427 2665 565 2741 quoniam
588 2681 656 2742 pars
679 2664 785 2724 horum
808 2667 934 2725 maxima
956 2665 1031 2726 fallit

210 2757 332 2830 propter
356 2753 492 2830 opinatus
515 2753 618 2833 animi,
642 2771 715 2830 quos
739 2753 874 2813 addimus
897 2755 968 2832 ipsi,
1111 2775 1155 2817 465

211 2857 266 2918 pro
289 2841 359 2899 visis
382 2845 416 2899 ut
438 2841 499 2899 sint
522 2857 596 2918 quae
619 2856 679 2900 non
702 2848 772 2901 sunt
794 2839 924 2901 sensibu’
945 2843 1021 2901 visa:

140 2944 193 2993 440
212 2945 280 2987 nam
302 2926 345 2986 nil
368 2929 485 3004 aegrius
508 2936 554 2988 est
577 2946 664 3005 quam
688 2946 737 2988 res
760 2946 916 2990 secernere
939 2936 1056 3008 apertas

140 3015 247 3082 466414
271 3014 382 3096 dubiis,
406 3017 522 3074 animus
546 3033 618 3093 quas
641 3015 677 3075 ah
702 3032 734 3075 se
756 3019 892 3094 protinus
915 3016 1003 3077 addit.

256 3103 387 3181 Denique
410 3102 453 3162 nil
477 3104 548 3162 sciri
571 3105 665 3181 siquis
688 3109 785 3184 putat,
808 3104 838 3164 id
862 3122 978 3184 quoque
1001 3107 1097 3166 nescit

212 3208 249 3250 an
272 3192 343 3250 sciri
364 3192 472 3269 possit,
496 3192 635 3268 quoniam
656 3190 699 3251 nil
722 3193 799 3252 scire
820 3193 937 3253 latetur.
1111 3215 1157 3256 444

211 3277 290 3335 hunc
313 3279 403 3354 igitur
426 3284 529 3337 contra
551 3281 666 3339 mittam
689 3280 867 3341 contendere
891 3297 1022 3361 causam,

142 3379 193 3427 455
214 3364 266 3441 qui
289 3365 382 3440 eapite
406 3367 470 3442 ipse
495 3383 547 3424 sua
570 3368 601 3425 in
625 3369 728 3426 statuit
750 3370 873 3446 vestigia
897 3385 971 3428 sese.

141 3465 193 3514 471
211 3455 241 3508 et
262 3455 361 3508 tamen
383 3450 440 3510 hoc
464 3469 580 3530 quoque
603 3455 649 3512 uti
670 3454 829 3514 concedam
848 3457 934 3536 scire,
957 3462 987 3515 at
1001 3455 1034 3526 jd
1053 3457 1156 3533 ipsum

214 3542 365 3616 quaeram,
388 3554 455 3596 curn
478 3540 510 3597 in
532 3538 623 3599 rebus
646 3543 710 3600 veri
732 3541 775 3601 nil
797 3543 904 3603 viderit
926 3550 1007 3624 ante,
