2500 3882
121 211 165 276 98
605 209 644 264 TV

123 374 157 423 so
174 364 330 418 nascentes
351 359 486 436 mittunt,
509 364 539 417 et
561 359 633 417 item
656 377 724 418 cum
746 357 859 419 lubrica
884 376 1006 438 serpens

176 446 257 506 exuit
279 447 311 506 in
334 447 427 524 spinis
449 451 575 505 restem:
598 463 664 506 nam
689 465 777 525 saepe
799 445 933 507 videmus

123 532 292 599 ceillerum
315 532 418 612 spoliis
440 551 546 611 vepres
568 533 759 594 volitantibus
782 541 896 594 auctas:
932 569 934 576 ι

176 640 250 699 quae
274 623 412 701 quoniam
434 621 522 701 liunt,
545 623 643 682 tenuis
666 640 782 700 qnoque
806 621 894 682 dehet
916 624 1013 701 imago

176 708 211 769 ab
234 708 326 769 rebus
348 709 438 789 mitti,
463 726 577 768 summo
601 710 638 770 de
661 727 785 789 corpore
809 728 917 771 rernm.

123 813 157 862 66
175 814 244 857 nam
266 815 320 857 cur
342 796 391 856 illa
414 795 520 857 cadant
541 801 634 876 magis
658 797 694 857 ab
717 791 866 876 rebusque
889 798 1031 859 recedant
1113 820 1149 861 ee

176 903 263 964 quam
286 902 360 962 quae
382 886 481 944 tenvia
503 892 585 966 sunt,
606 885 771 946 hiscendist
793 885 874 946 nulla
897 893 1043 966 potestas:

123 987 159 1038 65
175 975 350 1051 praesertim
373 990 441 1033 cum
463 975 524 1032 siut
546 975 577 1032 in
601 976 723 1034 summis
746 992 870 1053 corpora
893 974 982 1035 rehus

175 1059 267 1120 multa
289 1062 416 1142 minuta,
439 1063 496 1120 iaci
519 1079 593 1140 quae
616 1064 732 1140 possint
754 1061 857 1123 ordine
881 1063 985 1124 eodem

176 1165 235 1228 quo
257 1148 367 1208 luerint
390 1155 421 1209 et
442 1148 547 1208 formai
570 1167 687 1210 servare
711 1151 848 1231 liguram,

124 1253 158 1301 to
177 1244 207 1298 et
228 1236 320 1298 multo
343 1238 445 1317 citius,
469 1239 698 1315 quantominus
721 1238 891 1317 indupediri

175 1343 269 1404 panca
291 1331 403 1403 queunt
425 1331 455 1385 et
477 1342 556 1402 quoe
579 1333 648 1386 sunt
670 1328 766 1404 prima
788 1327 885 1387 ironte
909 1326 1010 1388 locata.

124 1427 160 1478 70
176 1430 245 1473 nam
268 1419 347 1472 certe
370 1415 467 1473 iacere
490 1431 524 1473 ac
546 1412 648 1492 largiri
669 1413 761 1474 multa
784 1414 932 1496 videmus,

176 1518 236 1561 non
260 1500 356 1562 solum
378 1518 414 1562 ex
437 1500 496 1561 alto
518 1503 708 1582 penitusque,
730 1509 764 1562 ut
786 1502 915 1563 diximus
937 1509 1019 1583 ante,

176 1605 279 1648 verum
302 1588 338 1648 de
363 1591 486 1648 summis
508 1591 606 1667 ipsum
629 1607 746 1668 quoque
770 1608 857 1669 saepe
881 1588 1018 1652 colorem.

125 1691 157 1740 ‘15
177 1682 207 1736 et
229 1674 312 1752 volgo
335 1675 447 1735 iaciunt
469 1675 500 1735 id
522 1675 602 1736 lutea
623 1695 767 1756 russaque
790 1678 854 1738 vela

177 1762 392 1842 cosenagum,
415 1780 483 1822 cum
505 1766 619 1841 magnis
643 1766 756 1826 intenta
778 1765 901 1826 theatris

125 1865 160 1919 75
176 1869 230 1930 per
251 1850 344 1910 malos
367 1849 481 1928 volgata
504 1850 660 1930 trabesque
683 1856 841 1914 trementia
863 1854 980 1914 llutant:

177 1956 303 2016 namque
326 1938 368 1997 ibi
392 1955 564 1998 consessum
587 1943 687 2000 caveai
709 1948 812 2020 supter
834 1948 863 2001 et
887 1958 1002 2001 omnem

178 2027 294 2087 scaenai
317 2027 446 2104 speciem
467 2025 587 2086 Parium
609 2045 796 2107 marmorque
819 2027 942 2090 deorum

124 2130 159 2179 80
177 2115 313 2175 inliciunt
336 2120 501 2192 cogunth
526 2132 579 2174 suo
602 2114 718 2176 fluitare
741 2115 854 2176 colore:
1013 2117 1017 2124 '

178 2209 208 2262 et
231 2209 339 2280 quanto
362 2204 474 2262 circum
497 2220 581 2280 mage
605 2211 674 2263 sunt
695 2203 809 2264 inclusa
831 2204 940 2264 theatri

124 2306 162 2356 80
178 2292 308 2370 moenia,
330 2296 389 2350 tam
413 2292 506 2368 magis
529 2289 584 2350 hoc
607 2293 688 2351 intus
709 2292 829 2370 perlusa
852 2292 951 2371 lepore

178 2380 275 2438 omnia
298 2377 454 2439 conrident
476 2384 612 2457 correpta
634 2377 701 2440 lnce
724 2379 791 2440 diei.

177 2484 247 2544 ergo
270 2465 361 2526 lintea
384 2465 421 2525 de
445 2483 559 2526 summo
583 2484 650 2526 cum
673 2484 797 2546 corpore
820 2468 919 2528 lucum

124 2568 159 2618 85
177 2557 312 2632 mittunt,
334 2554 446 2631 effigias
469 2571 586 2632 quoqne
611 2552 720 2614 dehent
741 2557 859 2615 mittere
881 2558 977 2615 tenvis
1113 2581 1147 2622 ⁸5

178 2660 227 2701 res
250 2659 397 2720 quaeque,
419 2659 456 2701 cx
479 2658 594 2701 summo
618 2643 758 2718 qnoniam
779 2643 943 2703 iaculantur
966 2650 1105 2723 utraque.

124 2745 162 2796 85
179 2736 248 2790 sunt
271 2730 361 2806 igitur
382 2730 442 2788 iam
463 2729 625 2789 formarum
647 2732 772 2808 vestigia
795 2737 887 2811 certa,

178 2835 252 2896 quae
275 2815 359 2893 volgo
382 2815 505 2877 volitant
527 2815 630 2878 subtili
652 2818 785 2896 praedita
807 2817 856 2877 iilo

177 2924 232 2967 nec
255 2902 427 2982 singillatim
449 2912 575 2984 possunt
598 2913 712 2967 secreta
734 2905 836 2965 rideri.

125 3008 159 3056 90
177 3000 330 3073 praeterea
353 2994 449 3053 omnis
472 2993 545 3052 odor
567 2994 666 3054 lumns
688 3012 780 3072 vapor
802 3001 889 3071 atque
912 2992 985 3054 aliae
1009 3012 1060 3054 res
1113 3020 1148 3059 ao

179 3081 348 3141 consimiles
371 3081 437 3141 ideo
461 3081 583 3142 diffusae
608 3100 624 3141 e
647 3080 737 3142 rehus
760 3080 921 3160 abundant,

124 3183 162 3232 90
179 3185 215 3226 ex
238 3167 296 3227 alto
320 3170 388 3245 quia
411 3169 481 3229 dnm
504 3171 627 3230 veniunt
648 3169 827 3229 intrinsecus
851 3174 944 3248 ortae,

179 3254 356 3315 scinduntur
378 3274 432 3335 per
455 3259 514 3317 iter
535 3256 657 3338 ilerum,
680 3275 736 3316 nec
759 3263 838 3316 recta
860 3257 973 3316 riarum

180 3343 255 3401 ostia
278 3349 359 3423 sunt,
382 3363 439 3422 qua
462 3345 640 3406 contendant
663 3347 743 3405 exire
768 3349 892 3403 coortae.

125 3445 161 3492 aa
181 3435 210 3489 at
233 3436 334 3491 contra
356 3435 454 3493 tenuis
478 3435 585 3494 summi
608 3432 778 3493 membrana
802 3430 908 3491 coloris
1115 3458 1148 3498 95

181 3534 250 3576 cum
272 3518 391 3599 iacitur,
413 3521 455 3580 nil
479 3529 524 3582 est
548 3522 626 3600 quod
650 3539 715 3582 eam
737 3520 905 3597 discerpere
928 3521 1037 3602 possit,

156 3822 339 3872 ,A
