2512 3874
392 982 435 1065 Τ.
459 982 685 1068 Lucrum
717 985 842 1070 CARI

253 1134 344 1230 DE
389 1134 642 1233 RERUM
687 1138 983 1238 NATURA

453 1307 586 1373 cisun
609 1307 784 1376 currus.

562 1470 669 1479 ,ι--ι

166 1591 282 1652 Primae
306 1592 472 1670 frugiparos
495 1593 572 1654 letus
594 1594 768 1656 mortalibus
791 1598 887 1675 aegris

165 1679 337 1740 dididerunt
360 1680 506 1759 quondam
529 1682 680 1760 praeclaro
703 1686 821 1745 nomine
844 1684 975 1746 Athenae

166 1774 196 1828 et
218 1775 426 1828 recreaverunt
447 1771 537 1829 vitam
559 1769 698 1850 legesque
722 1780 875 1855 rogarunt,

164 1863 195 1916 et
218 1857 329 1934 primae
352 1855 498 1917 dederunt
521 1857 628 1918 solacia
652 1859 746 1920 dulcia
770 1863 859 1942 vitae,

125 1961 232 2009 ocum
255 1962 384 2022 genuere
407 1946 502 2003 virum
526 1945 577 2005 tali
600 1965 667 2006 cum
691 1948 779 2008 corde
802 1957 966 2029 repertum,

165 2034 263 2092 omnia
285 2031 415 2092 veridico
439 2034 490 2109 qui
513 2033 659 2110 quondam
682 2052 718 2093 ex
741 2054 793 2096 ore
813 2037 956 2117 proludit3

164 2123 263 2201 cuius,
286 2127 316 2180 et
339 2122 473 2199 extincti,
496 2129 617 2199 propter
640 2121 738 2181 divina
760 2130 878 2201 reperta

165 2207 308 2286 divolgata
330 2216 415 2269 vetus
437 2210 496 2268 iam
519 2209 555 2269 ad
579 2208 692 2268 caelum
715 2208 807 2287 gloria
830 2211 931 2272 fertur.

163 2313 231 2356 nam
255 2314 321 2356 cum
343 2296 416 2356 vidit
437 2297 486 2356 hic
510 2296 546 2357 ad
569 2298 679 2356 rictum
702 2316 776 2375 quae
799 2298 908 2376 flagitat
931 2317 1003 2359 usus

110 2399 144 2448 ιο
164 2386 262 2444 omnia
284 2386 342 2444 iam
365 2385 458 2444 ferme
481 2383 655 2444 mortalibus
677 2403 744 2445 esse
766 2392 879 2465 parata,

161 2480 206 2552 et,
228 2490 371 2550 proquam
393 2480 506 2554 posset,
529 2474 619 2532 vitam
642 2476 804 2534 consistere
827 2481 933 2555 tutam,

163 2560 273 2620 divitiis
296 2559 431 2620 homines
454 2560 617 2620 ethonore
642 2568 672 2620 et
694 2561 780 2622 laude
803 2565 932 2640 potentis

163 2648 284 2708 ailluere
308 2656 395 2726 atque
418 2647 493 2707 hona
517 2656 672 2726 gnatorum
696 2649 840 2710 excellere
864 2651 953 2732 fama,

163 2754 217 2796 nec
240 2738 339 2795 minus
362 2753 429 2796 esse
452 2734 532 2795 domi
555 2739 693 2815 cuiquam
715 2745 813 2798 tamen
836 2741 921 2798 anxia
945 2739 1047 2820 corda,

109 2841 142 2889 15
161 2831 248 2901 atque
272 2825 363 2882 animi
385 2825 507 2900 ingratis
529 2826 620 2884 vitam
642 2843 749 2885 vexare
771 2824 838 2888 sice
859 2823 926 2887 tello

160 2929 251 3014 pausa
274 2917 362 2988 atque
385 2911 500 2970 iniestis
524 2914 590 2989 cogi
612 2915 725 2972 saevire
750 2913 902 2994 querellis,

160 2998 305 3076 1ntellegit
327 2997 369 3058 ihi
392 3000 495 3058 vitium
518 3017 568 3058 vas
592 2999 709 3060 efficere
733 3003 844 3080 ipsum,

160 3089 315 3164 omniaque
339 3085 419 3147 illius
442 3087 512 3146 vitio
536 3090 721 3166 corrumpier
744 3090 837 3167 intus,

159 3194 233 3254 quae
258 3173 372 3234 conlata
395 3174 480 3253 ioris,
503 3181 533 3234 et
555 3174 721 3256 commoda,
745 3193 870 3253 cumque
894 3178 1041 3256 venirent,·

106 3279 138 3329 20
156 3264 265 3343 partim
289 3261 367 3340 quod
390 3261 502 3322 fluxum
525 3269 738 3341 pertusumque
762 3281 827 3323 esse
851 3263 980 3345 videbat,

156 3359 190 3412 ut
213 3349 293 3411 nulla
316 3357 417 3429 posset
434 3352 560 3410 ‘ratione
577 3350 724 3428 explerier
747 3367 899 3433 umquam,

155 3441 264 3517 partim
288 3438 366 3515 quod
390 3445 484 3498 taetro
508 3440 592 3517 qnasi
615 3455 812 3517 conspurcare
836 3458 941 3518 sapore

156 3529 254 3586 omnia
278 3525 431 3606 cernebat,
455 3543 657 3605 quaecumque
681 3534 846 3608 receperat,
869 3530 958 3589 intus.
