<?xml version="1.0" encoding="UTF-8"?>
<!DOCTYPE html PUBLIC "-//W3C//DTD XHTML 1.0 Transitional//EN"
    "http://www.w3.org/TR/xhtml1/DTD/xhtml1-transitional.dtd">
<html xmlns="http://www.w3.org/1999/xhtml" xml:lang="en" lang="en">
 <head>
  <title>
</title>
<meta http-equiv="Content-Type" content="text/html;charset=utf-8" />
  <meta name='ocr-system' content='tesseract 3.04.00' />
  <meta name='ocr-capabilities' content='ocr_page ocr_carea ocr_par ocr_line ocrx_word'/>
</head>
<body>
  <div class='ocr_page' id='page_1' title='image "./tlucreticarider20carugoog_0266.png"; bbox 0 0 2512 3874; ppageno 0'>
   <div class='ocr_carea' id='block_1_1' title="bbox 606 227 1128 291">
    <p class='ocr_par' dir='ltr' id='par_1_1' title="bbox 606 227 1128 291">
     <span class='ocr_line' id='line_1_1' title="bbox 606 227 1128 291; baseline -0.004 1"><span class='ocrx_word' id='word_1_1' title='bbox 606 229 645 284; x_wconf 84' lang='lat' dir='ltr'>VI</span> <span class='ocrx_word' id='word_1_2' title='bbox 1066 227 1128 291; x_wconf 75' lang='lat'>177</span> 
     </span>
    </p>
   </div>
   <div class='ocr_carea' id='block_1_2' title="bbox 118 375 1132 1952">
    <p class='ocr_par' dir='ltr' id='par_1_2' title="bbox 119 375 1131 544">
     <span class='ocr_line' id='line_1_2' title="bbox 119 375 1131 456; baseline -0.002 -17"><span class='ocrx_word' id='word_1_3' title='bbox 119 385 179 439; x_wconf 90' lang='grc'>205</span> <span class='ocrx_word' id='word_1_4' title='bbox 192 377 307 438; x_wconf 85' lang='lat' dir='ltr'>devolet</span> <span class='ocrx_word' id='word_1_5' title='bbox 329 379 361 437; x_wconf 90' lang='lat' dir='ltr'>in</span> <span class='ocrx_word' id='word_1_6' title='bbox 384 384 494 436; x_wconf 90' lang='lat' dir='ltr'>terram</span> <span class='ocrx_word' id='word_1_7' title='bbox 517 375 622 454; x_wconf 88' lang='lat' dir='ltr'>liquidi</span> <span class='ocrx_word' id='word_1_8' title='bbox 645 375 727 438; x_wconf 90' lang='lat' dir='ltr'>color</span> <span class='ocrx_word' id='word_1_9' title='bbox 748 395 856 438; x_wconf 90' lang='lat' dir='ltr'>aureus</span> <span class='ocrx_word' id='word_1_10' title='bbox 879 378 969 456; x_wconf 88' lang='lat' dir='ltr'>ignis,</span> <span class='ocrx_word' id='word_1_11' title='bbox 1090 395 1131 438; x_wconf 77' lang='lat' dir='ltr'>eos</span> 
     </span>
     <span class='ocr_line' id='line_1_3' title="bbox 193 463 975 544; baseline -0.001 -18"><span class='ocrx_word' id='word_1_12' title='bbox 193 468 306 526; x_wconf 91' lang='lat' dir='ltr'>semina</span> <span class='ocrx_word' id='word_1_13' title='bbox 330 465 409 543; x_wconf 92' lang='lat' dir='ltr'>quod</span> <span class='ocrx_word' id='word_1_14' title='bbox 432 463 526 526; x_wconf 90' lang='lat' dir='ltr'>nubes</span> <span class='ocrx_word' id='word_1_15' title='bbox 550 467 630 544; x_wconf 89' lang='lat' dir='ltr'>ipsas</span> <span class='ocrx_word' id='word_1_16' title='bbox 653 465 797 543; x_wconf 88' lang='lat' dir='ltr'>permulta</span> <span class='ocrx_word' id='word_1_17' title='bbox 820 471 975 526; x_wconf 81' lang='lat' dir='ltr'>necessust</span> 
     </span>
    </p>

    <p class='ocr_par' dir='ltr' id='par_1_3' title="bbox 120 551 1062 811">
     <span class='ocr_line' id='line_1_4' title="bbox 120 551 1044 632; baseline -0.001 -18"><span class='ocrx_word' id='word_1_18' title='bbox 120 572 174 622; x_wconf 81' lang='lat'>205</span> <span class='ocrx_word' id='word_1_19' title='bbox 193 557 271 632; x_wconf 85' lang='lat' dir='ltr'>ignis</span> <span class='ocrx_word' id='word_1_20' title='bbox 294 553 417 614; x_wconf 89' lang='lat' dir='ltr'>babere:</span> <span class='ocrx_word' id='word_1_21' title='bbox 441 554 553 613; x_wconf 86' lang='lat' dir='ltr'>etenim</span> <span class='ocrx_word' id='word_1_22' title='bbox 575 571 643 613; x_wconf 92' lang='lat' dir='ltr'>cum</span> <span class='ocrx_word' id='word_1_23' title='bbox 667 561 735 614; x_wconf 90' lang='lat' dir='ltr'>sunt</span> <span class='ocrx_word' id='word_1_24' title='bbox 758 571 860 614; x_wconf 89' lang='lat' dir='ltr'>umore</span> <span class='ocrx_word' id='word_1_25' title='bbox 884 556 948 613; x_wconf 90' lang='lat' dir='ltr'>sine</span> <span class='ocrx_word' id='word_1_26' title='bbox 972 551 1044 632; x_wconf 81' lang='lat' dir='ltr'>ullq,</span> 
     </span>
     <span class='ocr_line' id='line_1_5' title="bbox 192 639 1062 720; baseline -0.003 -17"><span class='ocrx_word' id='word_1_27' title='bbox 192 643 346 703; x_wconf 75' lang='lat' dir='ltr'>flammeus</span> <span class='ocrx_word' id='word_1_28' title='bbox 369 647 415 701; x_wconf 88' lang='lat' dir='ltr'>est</span> <span class='ocrx_word' id='word_1_29' title='bbox 437 640 611 720; x_wconf 91' lang='lat' dir='ltr'>plerumque</span> <span class='ocrx_word' id='word_1_30' title='bbox 635 639 715 702; x_wconf 89' lang='lat' dir='ltr'>colos</span> <span class='ocrx_word' id='word_1_31' title='bbox 739 648 769 702; x_wconf 89' lang='lat' dir='ltr'>et</span> <span class='ocrx_word' id='word_1_32' title='bbox 792 641 963 720; x_wconf 86' lang='lat' dir='ltr'>splendidus</span> <span class='ocrx_word' id='word_1_33' title='bbox 986 639 1062 702; x_wconf 92' lang='lat' dir='ltr'>ollis.</span> 
     </span>
     <span class='ocr_line' id='line_1_6' title="bbox 193 728 1015 811; baseline -0.002 -21"><span class='ocrx_word' id='word_1_34' title='bbox 193 733 303 811; x_wconf 87' lang='lat' dir='ltr'>quippe</span> <span class='ocrx_word' id='word_1_35' title='bbox 326 731 436 790; x_wconf 87' lang='lat' dir='ltr'>etenim</span> <span class='ocrx_word' id='word_1_36' title='bbox 460 728 530 789; x_wconf 91' lang='lat' dir='ltr'>solis</span> <span class='ocrx_word' id='word_1_37' title='bbox 554 729 590 789; x_wconf 92' lang='lat' dir='ltr'>de</span> <span class='ocrx_word' id='word_1_38' title='bbox 613 728 725 790; x_wconf 90' lang='lat' dir='ltr'>lumine</span> <span class='ocrx_word' id='word_1_39' title='bbox 748 729 841 792; x_wconf 91' lang='lat' dir='ltr'>multa</span> <span class='ocrx_word' id='word_1_40' title='bbox 863 736 1015 790; x_wconf 79' lang='lat' dir='ltr'>necessest</span> 
     </span>
    </p>

    <p class='ocr_par' dir='ltr' id='par_1_4' title="bbox 118 816 1130 984">
     <span class='ocr_line' id='line_1_7' title="bbox 118 816 1130 898; baseline 0 -19"><span class='ocrx_word' id='word_1_41' title='bbox 118 826 180 879; x_wconf 89' lang='grc'>210</span> <span class='ocrx_word' id='word_1_42' title='bbox 194 820 364 898; x_wconf 80' lang='lat' dir='ltr'>concipere,</span> <span class='ocrx_word' id='word_1_43' title='bbox 386 824 420 878; x_wconf 91' lang='lat' dir='ltr'>ut</span> <span class='ocrx_word' id='word_1_44' title='bbox 442 819 548 877; x_wconf 88' lang='lat' dir='ltr'>merito</span> <span class='ocrx_word' id='word_1_45' title='bbox 571 816 698 877; x_wconf 90' lang='lat' dir='ltr'>rubeant</span> <span class='ocrx_word' id='word_1_46' title='bbox 719 819 861 896; x_wconf 88' lang='lat' dir='ltr'>ignesque</span> <span class='ocrx_word' id='word_1_47' title='bbox 884 818 1070 896; x_wconf 78' lang='lat' dir='ltr'>profundant.</span> <span class='ocrx_word' id='word_1_48' title='bbox 1089 839 1130 879; x_wconf 78' lang='lat' dir='ltr'>em</span> 
     </span>
     <span class='ocr_line' id='line_1_8' title="bbox 193 907 1064 984; baseline 0 -18"><span class='ocrx_word' id='word_1_49' title='bbox 193 908 281 966; x_wconf 89' lang='lat' dir='ltr'>hasce</span> <span class='ocrx_word' id='word_1_50' title='bbox 304 908 396 983; x_wconf 89' lang='lat' dir='ltr'>igitur</span> <span class='ocrx_word' id='word_1_51' title='bbox 420 923 488 966; x_wconf 92' lang='lat' dir='ltr'>cum</span> <span class='ocrx_word' id='word_1_52' title='bbox 510 912 614 965; x_wconf 84' lang='lat' dir='ltr'>ventus</span> <span class='ocrx_word' id='word_1_53' title='bbox 638 923 726 984; x_wconf 90' lang='lat' dir='ltr'>agens</span> <span class='ocrx_word' id='word_1_54' title='bbox 751 908 896 966; x_wconf 89' lang='lat' dir='ltr'>contrusit</span> <span class='ocrx_word' id='word_1_55' title='bbox 917 907 949 965; x_wconf 92' lang='lat' dir='ltr'>in</span> <span class='ocrx_word' id='word_1_56' title='bbox 971 923 1064 966; x_wconf 92' lang='lat' dir='ltr'>unum</span> 
     </span>
    </p>

    <p class='ocr_par' dir='ltr' id='par_1_5' title="bbox 120 993 1062 1250">
     <span class='ocr_line' id='line_1_9' title="bbox 120 993 1062 1075; baseline -0.005 -16"><span class='ocrx_word' id='word_1_57' title='bbox 120 1010 175 1060; x_wconf 79' lang='lat'>210</span> <span class='ocrx_word' id='word_1_58' title='bbox 195 995 429 1072; x_wconf 88' lang='lat' dir='ltr'>compressitque</span> <span class='ocrx_word' id='word_1_59' title='bbox 452 993 550 1053; x_wconf 91' lang='lat' dir='ltr'>locum</span> <span class='ocrx_word' id='word_1_60' title='bbox 573 1011 694 1075; x_wconf 83' lang='lat' dir='ltr'>cogens,</span> <span class='ocrx_word' id='word_1_61' title='bbox 718 1012 857 1072; x_wconf 84' lang='lat' dir='ltr'>expressa</span> <span class='ocrx_word' id='word_1_62' title='bbox 879 993 1062 1072; x_wconf 86' lang='lat' dir='ltr'>prolundrmt</span> 
     </span>
     <span class='ocr_line' id='line_1_10' title="bbox 195 1081 991 1162; baseline 0 -20"><span class='ocrx_word' id='word_1_63' title='bbox 195 1083 321 1162; x_wconf 81' lang='lat' dir='ltr'>semina,</span> <span class='ocrx_word' id='word_1_64' title='bbox 344 1100 418 1160; x_wconf 86' lang='lat' dir='ltr'>quae</span> <span class='ocrx_word' id='word_1_65' title='bbox 442 1082 554 1141; x_wconf 85' lang='lat' dir='ltr'>faciunt</span> <span class='ocrx_word' id='word_1_66' title='bbox 575 1081 709 1142; x_wconf 89' lang='lat' dir='ltr'>llammae</span> <span class='ocrx_word' id='word_1_67' title='bbox 732 1081 846 1161; x_wconf 89' lang='lat' dir='ltr'>fulgere</span> <span class='ocrx_word' id='word_1_68' title='bbox 870 1081 991 1142; x_wconf 83' lang='lat' dir='ltr'>colores</span> 
     </span>
     <span class='ocr_line' id='line_1_11' title="bbox 195 1169 1030 1250; baseline 0.001 -21"><span class='ocrx_word' id='word_1_69' title='bbox 195 1169 287 1248; x_wconf 82' lang='lat' dir='ltr'>fulget</span> <span class='ocrx_word' id='word_1_70' title='bbox 309 1171 394 1250; x_wconf 82' lang='lat' dir='ltr'>item,</span> <span class='ocrx_word' id='word_1_71' title='bbox 417 1188 485 1230; x_wconf 88' lang='lat' dir='ltr'>cum</span> <span class='ocrx_word' id='word_1_72' title='bbox 507 1177 662 1230; x_wconf 87' lang='lat' dir='ltr'>rarescunt</span> <span class='ocrx_word' id='word_1_73' title='bbox 684 1189 801 1248; x_wconf 91' lang='lat' dir='ltr'>quoque</span> <span class='ocrx_word' id='word_1_74' title='bbox 824 1169 925 1230; x_wconf 90' lang='lat' dir='ltr'>nubila</span> <span class='ocrx_word' id='word_1_75' title='bbox 947 1169 1030 1230; x_wconf 88' lang='lat' dir='ltr'>caeli.</span> 
     </span>
    </p>

    <p class='ocr_par' dir='ltr' id='par_1_6' title="bbox 121 1256 1130 1425">
     <span class='ocr_line' id='line_1_12' title="bbox 121 1256 1130 1319; baseline 0 -1"><span class='ocrx_word' id='word_1_76' title='bbox 121 1265 181 1318; x_wconf 87' lang='grc'>215</span> <span class='ocrx_word' id='word_1_77' title='bbox 194 1275 262 1318; x_wconf 92' lang='lat' dir='ltr'>nam</span> <span class='ocrx_word' id='word_1_78' title='bbox 286 1276 354 1318; x_wconf 87' lang='lat' dir='ltr'>eum</span> <span class='ocrx_word' id='word_1_79' title='bbox 376 1264 481 1317; x_wconf 88' lang='lat' dir='ltr'>ventus</span> <span class='ocrx_word' id='word_1_80' title='bbox 505 1275 554 1316; x_wconf 92' lang='lat' dir='ltr'>eas</span> <span class='ocrx_word' id='word_1_81' title='bbox 577 1256 681 1317; x_wconf 88' lang='lat' dir='ltr'>leviter</span> <span class='ocrx_word' id='word_1_82' title='bbox 704 1257 817 1319; x_wconf 91' lang='lat' dir='ltr'>diducit</span> <span class='ocrx_word' id='word_1_83' title='bbox 840 1259 937 1318; x_wconf 91' lang='lat' dir='ltr'>euntis</span> <span class='ocrx_word' id='word_1_84' title='bbox 1091 1277 1130 1318; x_wconf 79' lang='lat'>215</span> 
     </span>
     <span class='ocr_line' id='line_1_13' title="bbox 195 1344 923 1425; baseline -0.001 -18"><span class='ocrx_word' id='word_1_85' title='bbox 195 1344 403 1425; x_wconf 83' lang='lat' dir='ltr'>dissoluitque,</span> <span class='ocrx_word' id='word_1_86' title='bbox 426 1345 531 1406; x_wconf 87' lang='lat' dir='ltr'>cadant</span> <span class='ocrx_word' id='word_1_87' title='bbox 552 1346 676 1422; x_wconf 90' lang='lat' dir='ltr'>ingratis</span> <span class='ocrx_word' id='word_1_88' title='bbox 699 1345 749 1405; x_wconf 89' lang='lat' dir='ltr'>illa</span> <span class='ocrx_word' id='word_1_89' title='bbox 771 1353 923 1410; x_wconf 86' lang='lat' dir='ltr'>necessest</span> 
     </span>
    </p>

    <p class='ocr_par' dir='ltr' id='par_1_7' title="bbox 123 1432 1011 1600">
     <span class='ocr_line' id='line_1_14' title="bbox 123 1432 1011 1512; baseline -0.008 -13"><span class='ocrx_word' id='word_1_90' title='bbox 123 1451 177 1500; x_wconf 81' lang='lat'>215</span> <span class='ocrx_word' id='word_1_91' title='bbox 196 1437 309 1495; x_wconf 89' lang='lat' dir='ltr'>semina</span> <span class='ocrx_word' id='word_1_92' title='bbox 332 1451 406 1512; x_wconf 89' lang='lat' dir='ltr'>quae</span> <span class='ocrx_word' id='word_1_93' title='bbox 430 1434 541 1494; x_wconf 85' lang='lat' dir='ltr'>faciunt</span> <span class='ocrx_word' id='word_1_94' title='bbox 563 1432 721 1511; x_wconf 83' lang='lat' dir='ltr'>fulgorem:</span> <span class='ocrx_word' id='word_1_95' title='bbox 743 1441 807 1494; x_wconf 89' lang='lat' dir='ltr'>tum</span> <span class='ocrx_word' id='word_1_96' title='bbox 830 1436 894 1494; x_wconf 87' lang='lat' dir='ltr'>sine</span> <span class='ocrx_word' id='word_1_97' title='bbox 916 1440 1011 1493; x_wconf 90' lang='lat' dir='ltr'>taetro</span> 
     </span>
     <span class='ocr_line' id='line_1_15' title="bbox 195 1519 921 1600; baseline -0.004 -17"><span class='ocrx_word' id='word_1_98' title='bbox 195 1530 311 1583; x_wconf 90' lang='lat' dir='ltr'>terrore</span> <span class='ocrx_word' id='word_1_99' title='bbox 334 1529 364 1582; x_wconf 93' lang='lat' dir='ltr'>et</span> <span class='ocrx_word' id='word_1_100' title='bbox 387 1524 486 1582; x_wconf 90' lang='lat' dir='ltr'>sonitu</span> <span class='ocrx_word' id='word_1_101' title='bbox 508 1519 601 1599; x_wconf 84' lang='lat' dir='ltr'>fulget</span> <span class='ocrx_word' id='word_1_102' title='bbox 623 1521 762 1600; x_wconf 90' lang='lat' dir='ltr'>nulloque</span> <span class='ocrx_word' id='word_1_103' title='bbox 785 1521 921 1582; x_wconf 88' lang='lat' dir='ltr'>tumultu.</span> 
     </span>
    </p>

    <p class='ocr_par' dir='ltr' id='par_1_8' title="bbox 240 1605 1046 1689">
     <span class='ocr_line' id='line_1_16' title="bbox 240 1605 1046 1689; baseline -0.004 -19"><span class='ocrx_word' id='word_1_104' title='bbox 240 1609 324 1680; x_wconf 89' lang='lat' dir='ltr'>Quod</span> <span class='ocrx_word' id='word_1_105' title='bbox 347 1616 495 1689; x_wconf 89' lang='lat' dir='ltr'>superest,</span> <span class='ocrx_word' id='word_1_106' title='bbox 518 1605 606 1687; x_wconf 74' lang='lat' dir='ltr'>quali</span> <span class='ocrx_word' id='word_1_107' title='bbox 628 1617 732 1670; x_wconf 92' lang='lat' dir='ltr'>natura</span> <span class='ocrx_word' id='word_1_108' title='bbox 754 1609 888 1688; x_wconf 90' lang='lat' dir='ltr'>praedita</span> <span class='ocrx_word' id='word_1_109' title='bbox 910 1615 1046 1669; x_wconf 86' lang='lat' dir='ltr'>constent</span> 
     </span>
    </p>

    <p class='ocr_par' dir='ltr' id='par_1_9' title="bbox 121 1697 1132 1866">
     <span class='ocr_line' id='line_1_17' title="bbox 121 1697 1132 1776; baseline 0.002 -20"><span class='ocrx_word' id='word_1_110' title='bbox 121 1705 182 1756; x_wconf 85' lang='grc'>220</span> <span class='ocrx_word' id='word_1_111' title='bbox 194 1697 329 1776; x_wconf 84' lang='lat' dir='ltr'>fulmina,</span> <span class='ocrx_word' id='word_1_112' title='bbox 352 1697 502 1757; x_wconf 87' lang='lat' dir='ltr'>declarant</span> <span class='ocrx_word' id='word_1_113' title='bbox 525 1699 587 1756; x_wconf 92' lang='lat' dir='ltr'>ictu</span> <span class='ocrx_word' id='word_1_114' title='bbox 610 1699 674 1757; x_wconf 92' lang='lat' dir='ltr'>eius</span> <span class='ocrx_word' id='word_1_115' title='bbox 697 1699 796 1757; x_wconf 89' lang='lat' dir='ltr'>inusta</span> <span class='ocrx_word' id='word_1_116' title='bbox 818 1699 935 1775; x_wconf 90' lang='lat' dir='ltr'>vaporis</span> <span class='ocrx_word' id='word_1_117' title='bbox 1091 1719 1132 1758; x_wconf 82' lang='lat' dir='ltr'>mo</span> 
     </span>
     <span class='ocr_line' id='line_1_18' title="bbox 197 1783 1004 1866; baseline 0 -22"><span class='ocrx_word' id='word_1_118' title='bbox 197 1785 293 1866; x_wconf 81' lang='lat' dir='ltr'>signa,</span> <span class='ocrx_word' id='word_1_119' title='bbox 316 1791 460 1863; x_wconf 89' lang='lat' dir='ltr'>notaeque</span> <span class='ocrx_word' id='word_1_120' title='bbox 484 1786 581 1863; x_wconf 87' lang='lat' dir='ltr'>gravis</span> <span class='ocrx_word' id='word_1_121' title='bbox 603 1783 728 1844; x_wconf 90' lang='lat' dir='ltr'>halantis</span> <span class='ocrx_word' id='word_1_122' title='bbox 752 1783 881 1863; x_wconf 91' lang='lat' dir='ltr'>sulpuris</span> <span class='ocrx_word' id='word_1_123' title='bbox 904 1802 1004 1844; x_wconf 86' lang='lat' dir='ltr'>auras:</span> 
     </span>
    </p>

    <p class='ocr_par' dir='ltr' id='par_1_10' title="bbox 123 1871 1109 1952">
     <span class='ocr_line' id='line_1_19' title="bbox 123 1871 1109 1952; baseline -0.004 -15"><span class='ocrx_word' id='word_1_124' title='bbox 123 1890 176 1939; x_wconf 76' lang='lat' dir='ltr'>eso</span> <span class='ocrx_word' id='word_1_125' title='bbox 196 1874 274 1952; x_wconf 87' lang='lat' dir='ltr'>ignis</span> <span class='ocrx_word' id='word_1_126' title='bbox 298 1875 376 1933; x_wconf 90' lang='lat' dir='ltr'>enim</span> <span class='ocrx_word' id='word_1_127' title='bbox 399 1879 468 1932; x_wconf 89' lang='lat' dir='ltr'>sunt</span> <span class='ocrx_word' id='word_1_128' title='bbox 490 1872 563 1932; x_wconf 89' lang='lat' dir='ltr'>haec</span> <span class='ocrx_word' id='word_1_129' title='bbox 584 1890 644 1932; x_wconf 90' lang='lat' dir='ltr'>non</span> <span class='ocrx_word' id='word_1_130' title='bbox 666 1874 747 1933; x_wconf 89' lang='lat' dir='ltr'>venti</span> <span class='ocrx_word' id='word_1_131' title='bbox 770 1875 853 1952; x_wconf 89' lang='lat' dir='ltr'>signa</span> <span class='ocrx_word' id='word_1_132' title='bbox 875 1890 972 1952; x_wconf 89' lang='lat' dir='ltr'>neque</span> <span class='ocrx_word' id='word_1_133' title='bbox 995 1871 1109 1933; x_wconf 87' lang='lat' dir='ltr'>imbris.</span> 
     </span>
    </p>
   </div>
   <div class='ocr_carea' id='block_1_3' title="bbox 123 1958 1133 2477">
    <p class='ocr_par' dir='ltr' id='par_1_11' title="bbox 123 1958 1133 2477">
     <span class='ocr_line' id='line_1_20' title="bbox 196 1958 1065 2041; baseline 0 -21"><span class='ocrx_word' id='word_1_134' title='bbox 196 1967 350 2040; x_wconf 88' lang='lat' dir='ltr'>praeterea</span> <span class='ocrx_word' id='word_1_135' title='bbox 373 1978 460 2041; x_wconf 80' lang='lat' dir='ltr'>saepe</span> <span class='ocrx_word' id='word_1_136' title='bbox 483 1958 648 2020; x_wconf 87' lang='lat' dir='ltr'>accendunt</span> <span class='ocrx_word' id='word_1_137' title='bbox 670 1979 786 2039; x_wconf 89' lang='lat' dir='ltr'>quoque</span> <span class='ocrx_word' id='word_1_138' title='bbox 810 1967 888 2021; x_wconf 91' lang='lat' dir='ltr'>tecta</span> <span class='ocrx_word' id='word_1_139' title='bbox 910 1961 1065 2020; x_wconf 91' lang='lat' dir='ltr'>domorum</span> 
     </span>
     <span class='ocr_line' id='line_1_21' title="bbox 196 2047 991 2125; baseline -0.004 -16"><span class='ocrx_word' id='word_1_140' title='bbox 196 2056 227 2109; x_wconf 91' lang='lat' dir='ltr'>et</span> <span class='ocrx_word' id='word_1_141' title='bbox 249 2047 340 2109; x_wconf 89' lang='lat' dir='ltr'>celeri</span> <span class='ocrx_word' id='word_1_142' title='bbox 362 2047 479 2108; x_wconf 85' lang='lat' dir='ltr'>llamma</span> <span class='ocrx_word' id='word_1_143' title='bbox 501 2047 689 2108; x_wconf 91' lang='lat' dir='ltr'>dominantur</span> <span class='ocrx_word' id='word_1_144' title='bbox 711 2050 742 2107; x_wconf 91' lang='lat' dir='ltr'>in</span> <span class='ocrx_word' id='word_1_145' title='bbox 765 2047 886 2107; x_wconf 91' lang='lat' dir='ltr'>aedibus</span> <span class='ocrx_word' id='word_1_146' title='bbox 909 2049 991 2125; x_wconf 92' lang='lat' dir='ltr'>ipsis.</span> 
     </span>
     <span class='ocr_line' id='line_1_22' title="bbox 123 2134 1133 2214; baseline 0.003 -19"><span class='ocrx_word' id='word_1_147' title='bbox 123 2143 184 2195; x_wconf 85' lang='grc'>225</span> <span class='ocrx_word' id='word_1_148' title='bbox 196 2137 275 2198; x_wconf 91' lang='lat' dir='ltr'>hunc</span> <span class='ocrx_word' id='word_1_149' title='bbox 297 2136 353 2198; x_wconf 91' lang='lat' dir='ltr'>tibi</span> <span class='ocrx_word' id='word_1_150' title='bbox 375 2135 514 2196; x_wconf 88' lang='lat' dir='ltr'>subtilem</span> <span class='ocrx_word' id='word_1_151' title='bbox 537 2154 604 2196; x_wconf 93' lang='lat' dir='ltr'>cum</span> <span class='ocrx_word' id='word_1_152' title='bbox 626 2137 730 2214; x_wconf 90' lang='lat' dir='ltr'>primis</span> <span class='ocrx_word' id='word_1_153' title='bbox 753 2134 872 2212; x_wconf 89' lang='lat' dir='ltr'>ignibus</span> <span class='ocrx_word' id='word_1_154' title='bbox 895 2136 994 2211; x_wconf 87' lang='lat' dir='ltr'>ignem</span> <span class='ocrx_word' id='word_1_155' title='bbox 1093 2157 1133 2199; x_wconf 80' lang='lat' dir='ltr'>ass</span> 
     </span>
     <span class='ocr_line' id='line_1_23' title="bbox 198 2222 861 2300; baseline -0.008 -14"><span class='ocrx_word' id='word_1_156' title='bbox 198 2227 351 2286; x_wconf 88' lang='lat' dir='ltr'>constituit</span> <span class='ocrx_word' id='word_1_157' title='bbox 373 2232 477 2285; x_wconf 91' lang='lat' dir='ltr'>natura</span> <span class='ocrx_word' id='word_1_158' title='bbox 498 2225 621 2283; x_wconf 88' lang='lat' dir='ltr'>minutis</span> <span class='ocrx_word' id='word_1_159' title='bbox 644 2222 861 2300; x_wconf 87' lang='lat' dir='ltr'>mobilibusque</span> 
     </span>
     <span class='ocr_line' id='line_1_24' title="bbox 124 2309 956 2392; baseline -0.011 -14"><span class='ocrx_word' id='word_1_160' title='bbox 124 2329 178 2378; x_wconf 79' lang='lat'>225</span> <span class='ocrx_word' id='word_1_161' title='bbox 198 2312 384 2392; x_wconf 88' lang='lat' dir='ltr'>corporibus,</span> <span class='ocrx_word' id='word_1_162' title='bbox 408 2314 456 2371; x_wconf 93' lang='lat' dir='ltr'>cui</span> <span class='ocrx_word' id='word_1_163' title='bbox 479 2311 520 2370; x_wconf 93' lang='lat' dir='ltr'>nil</span> <span class='ocrx_word' id='word_1_164' title='bbox 543 2311 661 2370; x_wconf 88' lang='lat' dir='ltr'>omnino</span> <span class='ocrx_word' id='word_1_165' title='bbox 686 2309 830 2370; x_wconf 87' lang='lat' dir='ltr'>obsistere</span> <span class='ocrx_word' id='word_1_166' title='bbox 853 2312 956 2388; x_wconf 88' lang='lat' dir='ltr'>possit.</span> 
     </span>
     <span class='ocr_line' id='line_1_25' title="bbox 196 2397 1049 2477; baseline -0.002 -17"><span class='ocrx_word' id='word_1_167' title='bbox 196 2401 305 2460; x_wconf 86' lang='lat' dir='ltr'>transit</span> <span class='ocrx_word' id='word_1_168' title='bbox 327 2401 406 2461; x_wconf 90' lang='lat' dir='ltr'>enim</span> <span class='ocrx_word' id='word_1_169' title='bbox 427 2398 555 2459; x_wconf 83' lang='lat' dir='ltr'>validum</span> <span class='ocrx_word' id='word_1_170' title='bbox 578 2398 689 2460; x_wconf 82' lang='lat' dir='ltr'>tulmen</span> <span class='ocrx_word' id='word_1_171' title='bbox 711 2417 765 2477; x_wconf 93' lang='lat' dir='ltr'>per</span> <span class='ocrx_word' id='word_1_172' title='bbox 787 2404 870 2477; x_wconf 91' lang='lat' dir='ltr'>septa</span> <span class='ocrx_word' id='word_1_173' title='bbox 893 2397 1049 2458; x_wconf 91' lang='lat' dir='ltr'>domorum</span> 
     </span>
    </p>
   </div>
   <div class='ocr_carea' id='block_1_4' title="bbox 124 2488 1136 3622">
    <p class='ocr_par' dir='ltr' id='par_1_12' title="bbox 124 2488 1136 3622">
     <span class='ocr_line' id='line_1_26' title="bbox 198 2488 1032 2569; baseline -0.004 -20"><span class='ocrx_word' id='word_1_174' title='bbox 198 2488 308 2550; x_wconf 90' lang='lat' dir='ltr'>clamor</span> <span class='ocrx_word' id='word_1_175' title='bbox 329 2495 363 2549; x_wconf 92' lang='lat' dir='ltr'>ut</span> <span class='ocrx_word' id='word_1_176' title='bbox 385 2506 419 2548; x_wconf 91' lang='lat' dir='ltr'>ac</span> <span class='ocrx_word' id='word_1_177' title='bbox 440 2505 540 2569; x_wconf 88' lang='lat' dir='ltr'>voces,</span> <span class='ocrx_word' id='word_1_178' title='bbox 563 2488 670 2547; x_wconf 82' lang='lat' dir='ltr'>transit</span> <span class='ocrx_word' id='word_1_179' title='bbox 691 2503 745 2564; x_wconf 90' lang='lat' dir='ltr'>per</span> <span class='ocrx_word' id='word_1_180' title='bbox 768 2505 850 2565; x_wconf 85' lang='lat' dir='ltr'>saxa,</span> <span class='ocrx_word' id='word_1_181' title='bbox 872 2503 927 2564; x_wconf 90' lang='lat' dir='ltr'>per</span> <span class='ocrx_word' id='word_1_182' title='bbox 950 2504 1032 2565; x_wconf 89' lang='lat' dir='ltr'>aera,</span> 
     </span>
     <span class='ocr_line' id='line_1_27' title="bbox 124 2571 1134 2654; baseline 0.001 -19"><span class='ocrx_word' id='word_1_183' title='bbox 124 2583 182 2635; x_wconf 92' lang='grc'>230</span> <span class='ocrx_word' id='word_1_184' title='bbox 198 2585 228 2638; x_wconf 89' lang='lat' dir='ltr'>et</span> <span class='ocrx_word' id='word_1_185' title='bbox 250 2576 395 2654; x_wconf 92' lang='lat' dir='ltr'>liquidum</span> <span class='ocrx_word' id='word_1_186' title='bbox 417 2582 527 2654; x_wconf 91' lang='lat' dir='ltr'>puncto</span> <span class='ocrx_word' id='word_1_187' title='bbox 551 2576 621 2635; x_wconf 85' lang='lat' dir='ltr'>lacit</span> <span class='ocrx_word' id='word_1_188' title='bbox 643 2593 692 2635; x_wconf 90' lang='lat' dir='ltr'>aes</span> <span class='ocrx_word' id='word_1_189' title='bbox 715 2571 898 2653; x_wconf 84' lang='lat' dir='ltr'>intempore</span> <span class='ocrx_word' id='word_1_190' title='bbox 918 2581 947 2636; x_wconf 89' lang='lat' dir='ltr'>et</span> <span class='ocrx_word' id='word_1_191' title='bbox 966 2592 1134 2654; x_wconf 72' lang='lat' dir='ltr'>aurumne</span> 
     </span>
     <span class='ocr_line' id='line_1_28' title="bbox 198 2664 912 2742; baseline -0.003 -18"><span class='ocrx_word' id='word_1_192' title='bbox 198 2670 282 2740; x_wconf 72' lang='lat' dir='ltr'>curat</span> <span class='ocrx_word' id='word_1_193' title='bbox 304 2667 376 2724; x_wconf 89' lang='lat' dir='ltr'>item</span> <span class='ocrx_word' id='word_1_194' title='bbox 397 2665 433 2724; x_wconf 81' lang='lat' dir='ltr'>nt</span> <span class='ocrx_word' id='word_1_195' title='bbox 453 2665 531 2723; x_wconf 83' lang='lat' dir='ltr'>vasis</span> <span class='ocrx_word' id='word_1_196' title='bbox 553 2665 679 2742; x_wconf 89' lang='lat' dir='ltr'>integris</span> <span class='ocrx_word' id='word_1_197' title='bbox 701 2664 768 2722; x_wconf 90' lang='lat' dir='ltr'>vina</span> <span class='ocrx_word' id='word_1_198' title='bbox 789 2669 912 2741; x_wconf 87' lang='lat' dir='ltr'>repente</span> 
     </span>
     <span class='ocr_line' id='line_1_29' title="bbox 126 2749 1010 2832; baseline -0.01 -13"><span class='ocrx_word' id='word_1_199' title='bbox 126 2769 179 2819; x_wconf 79' lang='lat'>230</span> <span class='ocrx_word' id='word_1_200' title='bbox 198 2752 364 2832; x_wconf 83' lang='lat' dir='ltr'>diffugiant,</span> <span class='ocrx_word' id='word_1_201' title='bbox 388 2753 469 2832; x_wconf 89' lang='lat' dir='ltr'>quia,</span> <span class='ocrx_word' id='word_1_202' title='bbox 492 2752 645 2830; x_wconf 87' lang='lat' dir='ltr'>nimirum,</span> <span class='ocrx_word' id='word_1_203' title='bbox 668 2749 752 2810; x_wconf 85' lang='lat' dir='ltr'>facile</span> <span class='ocrx_word' id='word_1_204' title='bbox 776 2753 874 2811; x_wconf 92' lang='lat' dir='ltr'>omnia</span> <span class='ocrx_word' id='word_1_205' title='bbox 897 2752 1010 2811; x_wconf 90' lang='lat' dir='ltr'>circum</span> 
     </span>
     <span class='ocr_line' id='line_1_30' title="bbox 198 2837 891 2918; baseline 0 -19"><span class='ocrx_word' id='word_1_206' title='bbox 198 2838 332 2900; x_wconf 83' lang='lat' dir='ltr'>conlaxat</span> <span class='ocrx_word' id='word_1_207' title='bbox 354 2857 480 2918; x_wconf 92' lang='lat' dir='ltr'>rareque</span> <span class='ocrx_word' id='word_1_208' title='bbox 503 2839 573 2898; x_wconf 87' lang='lat' dir='ltr'>lacit</span> <span class='ocrx_word' id='word_1_209' title='bbox 595 2837 766 2898; x_wconf 89' lang='lat' dir='ltr'>lateramina</span> <span class='ocrx_word' id='word_1_210' title='bbox 788 2841 891 2899; x_wconf 88' lang='lat' dir='ltr'>vasis-</span> 
     </span>
     <span class='ocr_line' id='line_1_31' title="bbox 198 2926 978 3006; baseline -0.003 -18"><span class='ocrx_word' id='word_1_211' title='bbox 198 2927 357 2988; x_wconf 87' lang='lat' dir='ltr'>adreniens</span> <span class='ocrx_word' id='word_1_212' title='bbox 379 2926 460 2987; x_wconf 90' lang='lat' dir='ltr'>calor</span> <span class='ocrx_word' id='word_1_213' title='bbox 483 2928 561 3006; x_wconf 81' lang='lat' dir='ltr'>eius,</span> <span class='ocrx_word' id='word_1_214' title='bbox 584 2933 614 2986; x_wconf 88' lang='lat' dir='ltr'>et</span> <span class='ocrx_word' id='word_1_215' title='bbox 636 2927 802 2987; x_wconf 89' lang='lat' dir='ltr'>insinuatus</span> <span class='ocrx_word' id='word_1_216' title='bbox 825 2929 857 2986; x_wconf 92' lang='lat' dir='ltr'>in</span> <span class='ocrx_word' id='word_1_217' title='bbox 879 2928 978 3005; x_wconf 92' lang='lat' dir='ltr'>ipsum</span> 
     </span>
     <span class='ocr_line' id='line_1_32' title="bbox 125 3013 1135 3091; baseline 0.001 -16"><span class='ocrx_word' id='word_1_218' title='bbox 125 3023 182 3076; x_wconf 87' lang='grc'>235</span> <span class='ocrx_word' id='word_1_219' title='bbox 197 3014 348 3075; x_wconf 88' lang='lat' dir='ltr'>mobiliter</span> <span class='ocrx_word' id='word_1_220' title='bbox 370 3015 488 3075; x_wconf 92' lang='lat' dir='ltr'>soluens</span> <span class='ocrx_word' id='word_1_221' title='bbox 512 3014 610 3075; x_wconf 89' lang='lat' dir='ltr'>dillert</span> <span class='ocrx_word' id='word_1_222' title='bbox 632 3013 794 3091; x_wconf 90' lang='lat' dir='ltr'>primordia</span> <span class='ocrx_word' id='word_1_223' title='bbox 815 3016 885 3074; x_wconf 88' lang='lat' dir='ltr'>vini.</span> <span class='ocrx_word' id='word_1_224' title='bbox 1094 3035 1135 3076; x_wconf 80' lang='lat' dir='ltr'>sas</span> 
     </span>
     <span class='ocr_line' id='line_1_33' title="bbox 140 3097 967 3181; baseline 0 -21"><span class='ocrx_word' id='word_1_225' title='bbox 140 3147 143 3160; x_wconf 92' lang='lat'><strong>.</strong></span> <span class='ocrx_word' id='word_1_226' title='bbox 199 3102 277 3181; x_wconf 91' lang='lat' dir='ltr'>quod</span> <span class='ocrx_word' id='word_1_227' title='bbox 301 3100 372 3162; x_wconf 91' lang='lat' dir='ltr'>solis</span> <span class='ocrx_word' id='word_1_228' title='bbox 395 3121 485 3181; x_wconf 88' lang='lat' dir='ltr'>vapor</span> <span class='ocrx_word' id='word_1_229' title='bbox 507 3108 633 3162; x_wconf 87' lang='lat' dir='ltr'>aetatem</span> <span class='ocrx_word' id='word_1_230' title='bbox 655 3119 715 3161; x_wconf 91' lang='lat' dir='ltr'>non</span> <span class='ocrx_word' id='word_1_231' title='bbox 737 3119 826 3180; x_wconf 91' lang='lat' dir='ltr'>posse</span> <span class='ocrx_word' id='word_1_232' title='bbox 850 3097 967 3161; x_wconf 84' lang='lat' dir='ltr'>videtur</span> 
     </span>
     <span class='ocr_line' id='line_1_34' title="bbox 128 3188 961 3270; baseline -0.012 -12"><span class='ocrx_word' id='word_1_233' title='bbox 128 3207 179 3257; x_wconf 79' lang='lat'>235</span> <span class='ocrx_word' id='word_1_234' title='bbox 199 3191 317 3251; x_wconf 82' lang='lat' dir='ltr'>efficere</span> <span class='ocrx_word' id='word_1_235' title='bbox 339 3208 434 3270; x_wconf 90' lang='lat' dir='ltr'>usque</span> <span class='ocrx_word' id='word_1_236' title='bbox 458 3190 530 3251; x_wconf 91' lang='lat' dir='ltr'>adeo</span> <span class='ocrx_word' id='word_1_237' title='bbox 552 3188 667 3268; x_wconf 90' lang='lat' dir='ltr'>pollens</span> <span class='ocrx_word' id='word_1_238' title='bbox 690 3189 805 3249; x_wconf 81' lang='lat' dir='ltr'>fervore</span> <span class='ocrx_word' id='word_1_239' title='bbox 829 3207 961 3249; x_wconf 90' lang='lat' dir='ltr'>corusco.</span> 
     </span>
     <span class='ocr_line' id='line_1_35' title="bbox 198 3276 953 3339; baseline -0.005 0"><span class='ocrx_word' id='word_1_240' title='bbox 198 3286 279 3339; x_wconf 90' lang='lat' dir='ltr'>tanto</span> <span class='ocrx_word' id='word_1_241' title='bbox 302 3278 440 3338; x_wconf 93' lang='lat' dir='ltr'>mobilior</span> <span class='ocrx_word' id='word_1_242' title='bbox 462 3280 507 3337; x_wconf 90' lang='lat' dir='ltr'>vis</span> <span class='ocrx_word' id='word_1_243' title='bbox 530 3284 560 3336; x_wconf 90' lang='lat' dir='ltr'>et</span> <span class='ocrx_word' id='word_1_244' title='bbox 582 3277 780 3337; x_wconf 91' lang='lat' dir='ltr'>dominantior</span> <span class='ocrx_word' id='word_1_245' title='bbox 803 3276 875 3336; x_wconf 88' lang='lat' dir='ltr'>baec</span> <span class='ocrx_word' id='word_1_246' title='bbox 899 3283 953 3336; x_wconf 92' lang='lat' dir='ltr'>est.</span> 
     </span>
     <span class='ocr_line' id='line_1_36' title="bbox 242 3365 1042 3445; baseline -0.003 -19"><span class='ocrx_word' id='word_1_247' title='bbox 242 3365 328 3426; x_wconf 90' lang='lat' dir='ltr'>Nunc</span> <span class='ocrx_word' id='word_1_248' title='bbox 351 3385 386 3426; x_wconf 89' lang='lat' dir='ltr'>ea</span> <span class='ocrx_word' id='word_1_249' title='bbox 408 3384 466 3445; x_wconf 91' lang='lat' dir='ltr'>quo</span> <span class='ocrx_word' id='word_1_250' title='bbox 489 3371 574 3444; x_wconf 88' lang='lat' dir='ltr'>pacto</span> <span class='ocrx_word' id='word_1_251' title='bbox 598 3367 754 3444; x_wconf 87' lang='lat' dir='ltr'>gignantur</span> <span class='ocrx_word' id='word_1_252' title='bbox 778 3371 808 3424; x_wconf 89' lang='lat' dir='ltr'>et</span> <span class='ocrx_word' id='word_1_253' title='bbox 830 3367 938 3442; x_wconf 92' lang='lat' dir='ltr'>impete</span> <span class='ocrx_word' id='word_1_254' title='bbox 962 3371 1042 3424; x_wconf 89' lang='lat' dir='ltr'>tanto</span> 
     </span>
     <span class='ocr_line' id='line_1_37' title="bbox 128 3452 1136 3534; baseline 0.003 -23"><span class='ocrx_word' id='word_1_255' title='bbox 128 3456 267 3515; x_wconf 78' lang='lat' dir='ltr'>240liant</span> <span class='ocrx_word' id='word_1_256' title='bbox 289 3461 323 3515; x_wconf 91' lang='lat' dir='ltr'>ut</span> <span class='ocrx_word' id='word_1_257' title='bbox 344 3457 461 3533; x_wconf 90' lang='lat' dir='ltr'>possint</span> <span class='ocrx_word' id='word_1_258' title='bbox 482 3455 543 3513; x_wconf 91' lang='lat' dir='ltr'>ictu</span> <span class='ocrx_word' id='word_1_259' title='bbox 567 3452 734 3514; x_wconf 91' lang='lat' dir='ltr'>discludere</span> <span class='ocrx_word' id='word_1_260' title='bbox 756 3454 863 3534; x_wconf 78' lang='lat' dir='ltr'>turriS,</span> <span class='ocrx_word' id='word_1_261' title='bbox 1096 3475 1136 3514; x_wconf 78' lang='lat' dir='ltr'>aro</span> 
     </span>
     <span class='ocr_line' id='line_1_38' title="bbox 199 3541 952 3622; baseline -0.003 -19"><span class='ocrx_word' id='word_1_262' title='bbox 199 3542 367 3603; x_wconf 91' lang='lat' dir='ltr'>disturbare</span> <span class='ocrx_word' id='word_1_263' title='bbox 390 3542 506 3622; x_wconf 88' lang='lat' dir='ltr'>domos,</span> <span class='ocrx_word' id='word_1_264' title='bbox 530 3541 655 3602; x_wconf 89' lang='lat' dir='ltr'>avellere</span> <span class='ocrx_word' id='word_1_265' title='bbox 678 3543 758 3620; x_wconf 90' lang='lat' dir='ltr'>tigna</span> <span class='ocrx_word' id='word_1_266' title='bbox 780 3541 952 3621; x_wconf 81' lang='lat' dir='ltr'>trabesque,</span> 
     </span>
    </p>
   </div>
   <div class='ocr_carea' id='block_1_5' title="bbox 183 3646 928 3704">
    <p class='ocr_par' dir='ltr' id='par_1_13' title="bbox 183 3646 928 3704">
     <span class='ocr_line' id='line_1_39' title="bbox 183 3646 928 3704; baseline 0.001 -12"><span class='ocrx_word' id='word_1_267' title='bbox 183 3653 327 3694; x_wconf 79' lang='lat' dir='ltr'>Lucnrrrns.</span> <span class='ocrx_word' id='word_1_268' title='bbox 341 3652 376 3692; x_wconf 88' lang='lat' dir='ltr'>ed.</span> <span class='ocrx_word' id='word_1_269' title='bbox 390 3653 517 3704; x_wconf 82' lang='lat' dir='ltr'>Brisger.</span> <span class='ocrx_word' id='word_1_270' title='bbox 891 3646 928 3693; x_wconf 78' lang='lat'>12·</span> 
     </span>
    </p>
   </div>
   <div class='ocr_carea' id='block_1_6' title="bbox 0 0 1268 3874">
    <p class='ocr_par' dir='ltr' id='par_1_14' title="bbox 0 0 1268 3874">
     <span class='ocr_line' id='line_1_40' title="bbox 0 0 1268 3874; baseline 0 0"><span class='ocrx_word' id='word_1_271' title='bbox 0 0 1268 3874; x_wconf 95' lang='lat' dir='ltr'> </span> 
     </span>
    </p>
   </div>
  </div>
 </body>
</html>
