2500 3882
125 205 168 269 60
607 205 633 257 Π

213 357 243 410 01
266 368 339 429 quos
362 352 494 411 1010100
517 349 588 410 dent
609 358 705 410 motus
730 352 946 431 accipiantque,

125 454 285 504 10100010
307 445 394 518 putes
418 445 535 499 aeterna
557 456 648 517 penes
671 437 802 498 residere
825 445 943 517 potesse
1076 453 1132 494 1010

213 544 338 605 corpora
359 528 467 605 prima,
491 525 569 604 quod
592 528 623 586 10
646 529 768 586 summis
791 525 907 587 fluitare
930 525 1064 588 videmus

213 614 302 675 rebus
325 619 355 673 et
377 613 525 673 interdum
547 617 630 674 nasci
652 614 808 693 subitoque
830 616 939 693 perire.

127 717 195 768 1010
256 697 356 784 1101110
380 703 467 761 etiam
489 702 581 762 refert
602 704 712 762 0001110
735 705 767 762 10
788 701 924 763 versibus
947 703 1021 780 ipsis

214 809 280 851 cum
304 788 410 867 quibus
434 796 463 848 et
486 789 565 868 quali
588 792 647 849 sint
669 789 772 850 ordine
796 808 928 868 quaeque
952 790 1054 850 locata.

125 893 197 945 1015
213 895 339 955 namque
362 877 464 936 eadem
486 877 599 938 caelum
617 896 697 938 mare
715 884 810 938 terras
829 877 950 938 11010100
968 878 1134 938 0010101010

214 965 381 1044 significant
403 965 506 1025 eadem
529 966 628 1043 fruges
652 965 771 1026 arbusta
793 967 963 1045 animantis3

214 1055 322 1113 sinon
345 1054 443 1113 omnia
466 1060 546 1134 sunt,
570 1060 599 1112 at
621 1053 712 1114 1011110
735 1055 860 1113 maxima
883 1072 952 1133 pars
970 1061 1017 1115 est

127 1157 195 1207 1010
214 1140 389 1201 0000101111οε
412 1159 514 1201 rerum
536 1143 667 1219 positura
690 1141 884 1220 discrepitant
905 1159 963 1202 res.

214 1231 257 1289 sic
279 1230 352 1308 ipsis
376 1231 407 1288 10
431 1228 520 1289 rebus
543 1231 614 1288 item
636 1231 695 1288 iam
717 1231 851 1290 materiai
1077 1244 1133 1284 1010

125 1334 198 1386 1021
213 1335 376 1378 concursus
398 1323 495 1377 motus
519 1317 590 1376 ordo
612 1319 744 1396 positura
766 1317 877 1394 figurae
1077 1333 1131 1374 1001

214 1424 282 1466 0001
303 1412 521 1486 permutantur,
543 1407 652 1466 mutari
674 1423 722 1465 res
747 1423 862 1483 quoque
886 1402 1032 1484 dehentfl

257 1493 342 1554 Nunc
365 1496 494 1554 animum
516 1492 602 1553 nobis
626 1492 730 1554 adhibe
754 1511 853 1552 veram
876 1492 912 1552 ad
934 1496 1090 1554 rationem.

128 1597 196 1648 1010
214 1599 281 1641 0010
303 1581 359 1641 tibi
381 1588 532 1641 vementer
554 1599 628 1640 0010
650 1599 699 1640 100
722 1579 842 1640 01011101
865 1580 901 1640 ad
923 1583 1004 1641 auris

126 1684 200 1736 1025
213 1668 346 1728 accidere
370 1676 495 1728 010010
518 1686 549 1728 00
573 1671 687 1747 species
711 1668 865 1729 ostendere
888 1686 997 1728 rerum.
1078 1684 1134 1724 1011

214 1756 267 1816 sed
290 1772 386 1833 neque
409 1762 468 1814 tam
491 1754 586 1815 facilis
609 1774 657 1814 res
680 1755 779 1836 ullast,
803 1758 874 1835 quin
897 1775 931 1816 ea
954 1759 1085 1835 primum

218 1843 346 1902 difficilis
368 1845 462 1920 magis
486 1843 521 1902 ad
545 1843 724 1903 credendum
747 1852 874 1924 constet,
896 1847 1027 1922 itemque

215 1930 256 1991 nii
280 1931 352 1990 adeo
375 1948 512 2008 magnum
535 1949 630 2010 neque
653 1938 713 1991 tam
735 1932 869 1992 mirabile
894 1935 1065 2014 quicquam,

128 2036 196 2086 1025
216 2018 293 2098 qnod
316 2037 375 2078 non
398 2017 538 2098 paulatim
559 2021 676 2080 mittant
697 2022 835 2080 mirarier
858 2037 968 2080 omnes,

128 2124 202 2174 1030
212 2109 359 2187 principio
382 2106 455 2168 caeli
479 2106 589 2167 clarum
612 2125 776 2186 purumque
801 2107 929 2168 colorem
1077 2125 1134 2166 1000

214 2213 348 2274 quaeque
371 2197 403 2255 10
426 2213 458 2255 00
482 2195 611 2275 cohibet,
633 2195 760 2274 palantia
783 2195 881 2279 sidera
902 2197 1026 2278 passim,

216 2283 373 2362 lunamque
397 2289 427 2344 et
449 2283 519 2343 solis
542 2282 692 2362 praeclara
713 2283 778 2343 luce
802 2286 929 2344 nitorem
952 2317 994 2326 —

215 2374 311 2431 omnia
334 2390 408 2450 quae
430 2389 512 2431 nunc
534 2372 561 2430 si
582 2373 711 2450 primum
733 2371 906 2431 mortalibus
930 2379 1044 2453 extent,

128 2475 195 2524 1030
215 2478 250 2519 ex
273 2461 422 2538 inproviso
446 2460 473 2518 si
496 2461 555 2519 sint
577 2458 691 2519 obiecta
712 2468 847 2539 repente,

127 2562 199 2613 1035
214 2545 284 2624 quid
307 2549 400 2624 magis
422 2546 470 2604 his
492 2545 582 2605 rebus
604 2553 719 2624 poterat
740 2546 876 2606 mirabile
899 2547 971 2628 dici,
1077 2563 1131 2603 1010

215 2641 264 2693 001
290 2636 388 2693 minus
414 2641 482 2693 ante
506 2633 583 2711 quod
607 2633 749 2694 auderent
771 2635 833 2694 iore
857 2635 979 2695 credere
1002 2635 1132 2714 gentes?

213 2721 269 2802 nil,
291 2729 325 2782 ut
347 2723 465 2801 opInor:
489 2722 528 2780 ita
550 2721 623 2780 haec
646 2724 761 2799 species
783 2722 915 2782 miranda
939 2723 1052 2784 suisset.

214 2828 300 2889 quam
322 2809 377 2870 tibi
400 2811 459 2868 iam
481 2827 581 2890 nemo,
604 2809 700 2869 fessus
724 2813 827 2870 satiate
850 2811 982 2892 videndi,

128 2915 195 2965 1030
215 2901 365 2977 suspicere
389 2899 421 2957 in
444 2897 517 2958 caeli
540 2897 676 2974 dignatur
698 2897 794 2957 lucida
817 2897 937 2977 templa!

126 3003 198 3055 1010
211 2988 313 3048 desine
337 2992 516 3066 quapropter
538 2988 665 3046 novitate
689 2989 847 3047 exterritus
870 2989 935 3065 ipsa
1077 3002 1131 3042 1010

212 3095 340 3154 expuere
364 3094 400 3136 ex
423 3076 521 3135 animo
544 3076 701 3154 rationem,
725 3074 776 3134 sed
798 3077 892 3153 magis
915 3077 977 3135 acri

212 3163 321 3224 iudicio
343 3163 507 3243 perpende,
531 3169 560 3223 et
583 3165 609 3223 si
631 3161 686 3222 tibi
708 3180 777 3223 vera
800 3162 950 3244 videntur,

212 3249 286 3310 dede
308 3269 427 3332 manus,
450 3258 513 3331 aut,
536 3253 562 3310 si
585 3250 732 3331 ialsnmst,
755 3253 908 3329 accingere
932 3259 1042 3312 contra.

125 3350 194 3400 1040
213 3340 328 3414 quaerit
354 3343 435 3399 enim
458 3341 601 3398 rationem
625 3340 753 3417 00101110,
781 3356 848 3398 0001
872 3357 985 3399 summa
1008 3340 1067 3400 loci
1091 3344 1131 3401 sit

125 3437 196 3488 1045
210 3424 323 3483 infinita
346 3427 418 3487 toris
441 3428 514 3486 haec
537 3432 619 3486 extra
641 3427 758 3484 moenia
781 3426 897 3506 mnndi,
1076 3442 1130 3483 1010

498 3510 611 3590 [1010]
627 3539 668 3561 =
685 3511 756 3574 100.
