2512 3874
607 244 633 297 V
1058 247 1121 312 155

112 407 167 456 801
232 389 290 450 Sed
313 407 409 468 neque
433 388 573 451 Centauri
595 390 727 471 luerunt,
751 409 806 451 neo
829 398 963 470 tempore
986 395 1018 455 in
1041 394 1101 455 ullo

110 486 170 537 870
188 495 253 539 esse
277 485 390 556 queunt
413 477 524 556 duplici
547 485 652 539 natura
675 485 705 539 et
728 496 851 558 corpore
874 478 945 540 bino

188 585 224 626 ex
247 565 420 644 alienigenis
442 565 585 626 membris
608 573 772 648 compacta,
794 574 925 646 potestas
1081 592 1122 633 111

185 654 256 714 hinc
278 653 360 714 illino
382 656 475 732 partis
498 661 613 715 utnon
635 673 689 734 par
712 672 778 716 esse
803 657 930 734 potissit.

187 742 217 802 id
239 740 310 802 licet
331 741 401 802 hinc
424 744 557 820 quamvis
579 741 680 803 hebeti
703 760 881 821 cognoscere
905 744 1003 805 corde.

113 848 168 896 810
186 831 333 909 principio
357 831 469 891 circum
491 830 587 891 tribus
611 833 685 891 actis
708 832 834 910 impiger
857 834 941 892 annis

111 925 170 976 881
187 918 274 978 iloret
288 935 391 998 equus,
409 936 484 997 puer
496 918 568 979 haut
582 937 740 998 quaquam:
755 937 824 979 nam
838 938 924 999 saepe
939 922 1028 981 eiiam
1042 939 1121 982 nunc

187 1005 278 1066 ubera
301 1024 495 1066 mammarum
518 1008 550 1066 in
573 1009 684 1067 somnis
706 1006 844 1068 lactantia
866 1017 1001 1086 quaeret:
1082 1030 1122 1072 111

186 1100 254 1173 post
276 1093 328 1154 ubi
351 1112 460 1172 equum
482 1094 592 1154 validae
616 1097 695 1155 vires
718 1102 812 1156 aetate
837 1103 956 1157 senecta

186 1181 377 1261 membraque
400 1181 541 1242 deficiunt
562 1183 688 1261 fugienti
709 1183 847 1262 languida
869 1187 940 1266 vita,

114 1277 250 1338 stolum
273 1270 392 1330 demum
413 1273 516 1348 pueris
539 1288 609 1331 aevo
632 1271 756 1333 florente
779 1273 913 1332 iuventas

111 1366 173 1418 886
187 1359 295 1435 occipit
317 1365 347 1418 et
368 1357 450 1418 molli
472 1361 561 1419 vestit
582 1359 721 1438 lanugine
743 1359 848 1440 malas3

186 1463 224 1506 ne
247 1445 323 1505 lorte
346 1464 380 1506 ex
404 1445 524 1507 bomine
547 1453 577 1508 et
598 1450 732 1508 veterino
756 1450 869 1509 semine
892 1466 1037 1527 equorum
1082 1471 1122 1512 111

187 1534 309 1594 confieri
331 1534 435 1594 eredas
459 1534 620 1596 Centauros
643 1553 731 1614 posse
754 1554 852 1614 neque
876 1554 955 1618 esse,

187 1629 238 1682 aut
259 1620 371 1682 rabidis
395 1621 517 1684 canibus
540 1625 705 1684 succinctas
728 1625 926 1685 semimarinis

112 1727 167 1778 880
187 1709 361 1788 corporibus
385 1709 508 1790 Scyllas,
532 1717 563 1771 et
585 1718 684 1772 cetera
706 1711 743 1772 de
766 1729 875 1791 genere
897 1712 1018 1794 horum,

112 1805 170 1858 891
184 1800 263 1858 iuter
286 1816 317 1858 se
341 1816 468 1877 quorum
491 1799 638 1860 discordia
660 1800 793 1861 membra
814 1800 961 1881 videmus3

186 1904 260 1965 quae
283 1904 379 1964 neque
402 1888 564 1948 florescunt
585 1889 697 1966 pariter
720 1907 776 1949 nec
798 1888 906 1949 robora
929 1895 1050 1950 sumunt
1081 1909 1120 1952 sos

187 1974 359 2052 corporibus
382 1993 478 2054 neque
501 1977 651 2054 proiciunt
674 1982 768 2036 aetate
792 1983 923 2056 senecta,

185 2080 242 2122 nec
265 2061 354 2122 simili
376 2062 489 2123 Venere
513 2061 670 2123 ardescunt
693 2081 748 2122 nec
770 2063 902 2123 moribus
926 2065 994 2124 unis

112 2152 377 2231 81510111111111,
400 2169 497 2229 neque
521 2156 590 2210 sunt
612 2150 715 2210 eadem
737 2151 866 2211 iucunda
888 2169 942 2229 per
965 2158 1055 2212 artus.

112 2246 172 2298 896
187 2240 295 2318 quippe
318 2238 418 2299 videre
441 2238 511 2299 licet
532 2239 728 2316 pinguescere
755 2256 842 2317 saepe
866 2241 962 2299 cicuta

185 2325 357 2404 barbigeras
381 2326 523 2406 pecudes,
549 2326 663 2386 homini
686 2332 790 2404 quaest
812 2344 879 2387 acre
903 2344 1057 2387 venenum.
1081 2350 1121 2400 111

185 2412 313 2492 denique
336 2414 452 2474 llamma
476 2414 595 2494 quidem
618 2432 687 2474 cum
709 2431 833 2493 corpora
856 2413 933 2474 fulva
955 2414 1074 2476 leonum

185 2510 246 2562 tam
270 2500 362 2563 soleat
383 2510 498 2563 torrere
522 2510 609 2581 atque
632 2520 721 2562 urere
744 2520 832 2580 quam
855 2520 948 2580 genus
972 2520 1058 2564 omne

114 2608 167 2658 890
185 2592 309 2650 visceris
332 2593 476 2651 interris
500 2591 705 2669 quodcumque
730 2597 759 2650 et
782 2592 933 2669 sanguinis
957 2598 1050 2672 extet,

114 2686 169 2738 901
186 2680 239 2757 qui
260 2678 326 2738 lieri
348 2681 457 2758 potuit,
480 2678 591 2757 triplici
613 2697 681 2740 cum
705 2696 828 2757 corpore
852 2687 885 2740 ut
907 2698 978 2761 una,

184 2768 280 2845 prIma
302 2765 362 2848 leo,
384 2774 534 2846 postrema
557 2766 659 2846 draco,
681 2766 778 2828 media
801 2769 866 2846 ipsa
888 2767 1042 2829 Chimaera
1082 2790 1121 2831 111

185 2872 238 2914 ore
261 2855 339 2914 foras
361 2873 461 2916 acrem
483 2854 568 2914 llaret
590 2854 626 2914 de
650 2872 773 2932 corpore
792 2851 961 2915 flammam?

185 2961 276 3023 quare
300 2944 390 3002 etiam
411 2942 517 3003 tellure
540 2959 616 3002 nova
638 2941 778 3021 caeloque
802 2945 915 3003 receuti

113 3049 166 3098 sao
184 3031 254 3091 talia
277 3032 328 3109 qui
350 3032 435 3109 fingit
457 3032 591 3109 potuisse
615 3029 752 3090 animalia
774 3033 869 3109 gigni,

113 3126 168 3176 906
183 3121 270 3179 nixus
293 3120 325 3177 in
347 3118 403 3179 hoc
426 3137 485 3179 uno
508 3119 647 3178 novitatis
670 3119 789 3178 nomine
813 3119 908 3197 inani,

184 3206 275 3267 multa
297 3205 368 3266 licet
391 3206 482 3267 simili
503 3209 618 3267 ratione
642 3206 756 3266 ellutiat
778 3222 843 3284 ore,
1082 3230 1122 3270 111

184 3313 272 3355 aurea
294 3301 359 3354 tum
382 3294 460 3355 dieat
482 3312 536 3373 per
557 3302 654 3354 terras
677 3293 799 3353 llumina
822 3291 907 3370 vulgo

183 3382 318 3463 fluxisse,
341 3389 372 3443 et
394 3385 518 3462 gemmis
541 3383 648 3442 llorere
672 3380 793 3441 arbusta
816 3385 932 3462 suessa,

112 3487 164 3537 eoo
183 3477 234 3531 aut
255 3470 406 3531 hominem
428 3478 510 3532 tanto
533 3469 736 3530 membrorum
760 3487 826 3530 esse
850 3472 960 3549 impete
983 3477 1098 3551 natum,

111 3567 165 3618 911
180 3566 262 3620 trans
286 3562 379 3620 maria
402 3559 459 3620 alta
481 3558 591 3639 pedum
613 3561 697 3619 nisus
721 3565 754 3618 ut
776 3577 888 3638 ponere
911 3565 1011 3637 posset
