2512 3874
116 246 179 312 196
598 242 638 298 VI

114 400 169 452 905
184 393 240 453 hcc
263 393 355 469 igitur
377 390 444 450 lieri
465 407 581 467 quoque
604 390 636 450 in
658 389 709 449 illc
732 390 811 450 lcnte
834 390 1034 469 putandumst.
1077 412 1117 453 ecs

229 478 313 550 Quod
336 483 484 557 superest,
507 495 593 555 agere
616 479 755 556 incipiam
778 497 836 556 quc
859 478 977 538 foedere
1001 480 1052 539 tiat

115 585 167 636 900
185 575 320 646 naturae,
342 564 417 643 lapis
439 565 489 625 hic
510 572 545 625 ut
566 566 678 626 ferrum
700 566 809 625 ducere
831 568 938 646 possit,

186 673 274 735 quem
295 654 428 733 Magneta
451 659 555 714 vocant
576 656 671 732 patric
695 653 730 713 de
754 656 873 714 nomine
897 653 978 734 Grai,

184 744 352 822 Magnetum
375 743 443 820 quia
466 744 505 801 sit
526 743 630 821 patriis
653 740 816 802 infinibus
839 749 930 802 crtus.

115 840 170 892 910
184 832 263 892 hunc
285 831 419 890 homines
442 828 569 908 lapidem
590 831 747 890 mirantur:
771 831 880 908 quippe
903 836 1036 891 catenam
1080 854 1121 894 sac

186 937 273 997 saepe
297 937 333 978 ex
356 917 459 977 anellis
483 916 581 977 reddit
602 917 798 996 pendentibus
822 935 858 977 ex
882 935 922 978 se.

116 1025 167 1076 905
186 1010 316 1087 quinque
340 1007 450 1066 etenim
472 1005 542 1065 licet
564 1005 713 1066 interdum
734 1004 894 1084 pluresque
916 1005 1016 1067 videre

186 1095 290 1156 ordine
313 1094 457 1154 demissos
480 1092 593 1154 levibus
616 1095 753 1154 iactarier
776 1095 868 1174 auris,

185 1202 263 1244 unus
285 1180 337 1243 ubi
359 1200 395 1242 ex
418 1199 478 1242 unc
501 1180 647 1259 dependet
669 1188 772 1260 supter
794 1181 969 1261 adhaerens,

116 1280 170 1330 915
186 1291 223 1332 ex
245 1271 361 1349 alioque
385 1269 459 1330 alius
482 1269 588 1348 lapidis
611 1271 670 1330 vim
693 1267 845 1347 vinclaque
868 1271 978 1329 noscit:
1081 1292 1122 1334 crs

187 1377 281 1438 usque
304 1359 377 1419 adeo
400 1364 607 1437 permananter
629 1359 673 1416 vis
696 1356 826 1435 pervalet
848 1358 921 1417 eius

117 1465 168 1514 910
230 1447 292 1507 Hoc
316 1464 408 1525 genus
431 1448 463 1506 in
485 1444 575 1507 rebus
598 1445 803 1505 firmandumst
820 1444 911 1504 multa
928 1447 1012 1524 prius
1032 1464 1122 1524 quam

187 1538 281 1616 ipsius
304 1537 349 1594 rei
370 1535 515 1594 rationem
537 1532 661 1593 reddere
684 1535 794 1613 possis,

189 1631 219 1684 et
241 1624 365 1690 nimium
387 1621 481 1700 longis
505 1619 676 1699 ambagibus
700 1629 746 1681 est
768 1620 947 1702 adeundum3

118 1718 245 1790 920quc
267 1711 361 1787 magis
384 1715 510 1769 attentas
534 1710 613 1768 auris
637 1710 825 1788 animumque
848 1727 980 1788 reposco.
1083 1733 1124 1772 sac

231 1796 380 1874 Principio
404 1795 540 1856 omnibus
563 1795 599 1855 ab
622 1795 726 1876 rebus,
752 1815 951 1875 quascumque
974 1797 1123 1878 videmus,

119 1902 170 1952 ets
187 1891 330 1964 perpetuo
353 1882 445 1943 linere
468 1901 501 1944 ac
524 1885 602 1944 mitti
625 1886 782 1963 spargique
806 1891 957 1946 necessest

189 1990 312 2051 corpora
335 1989 410 2049 quae
432 1971 539 2032 feriant
562 1971 662 2032 oculos
685 1975 839 2052 visumque
862 1972 1019 2034 lacessant:

188 2068 390 2141 perpetuoque
413 2059 509 2120 fluunt
531 2063 621 2121 certis
645 2060 681 2120 ab
704 2060 793 2122 rebus
817 2061 935 2141 cdcres;

119 2157 175 2211 925
189 2150 282 2227 frigus
305 2151 329 2208 it
351 2166 367 2208 a
390 2147 501 2229 fluviis,
524 2147 604 2210 calor
626 2147 662 2208 ab
686 2149 761 2229 sole,
784 2156 884 2210 aestus
907 2149 942 2210 ab
965 2149 1052 2210 undis
1083 2170 1126 2210 aas

190 2238 339 2316 aequoris,
363 2254 467 2296 exesor
489 2254 671 2317 moerorum,
694 2237 780 2297 litora
802 2245 937 2316 propter:

120 2343 171 2393 990
189 2345 245 2386 000
267 2327 341 2385 varii
363 2330 481 2385 cessant
503 2326 617 2385 sonitus
640 2342 759 2386 manare
782 2343 837 2404 per
860 2344 959 2387 auras:

191 2414 317 2492 denique
341 2414 372 2472 in
396 2431 428 2472 cs
452 2411 521 2472 salsi
544 2415 624 2474 venit
646 2431 732 2473 umor
755 2432 842 2492 saepe
867 2415 993 2492 saporis,

190 2520 258 2562 cum
280 2518 361 2560 marc
384 2518 535 2560 versamur
556 2507 691 2582 propter,
715 2501 864 2580 dilutaque
888 2507 989 2562 contra

120 2597 175 2650 930
191 2607 258 2649 cum
280 2591 392 2648 tuimur
413 2590 533 2649 misceri
556 2589 715 2671 absinthia,
738 2593 832 2668 tangit
854 2606 977 2650 amaror.
1085 2610 1127 2651 000

189 2694 284 2755 usque
308 2675 379 2735 adeo
404 2676 539 2736 omnibus
562 2675 598 2737 ab
616 2677 706 2738 rebus
725 2697 774 2738 res
794 2695 926 2756 quaeque
945 2676 1071 2737 fluenter
1085 2700 1127 2740 000

120 2782 171 2834 925
190 2766 285 2826 fertur
307 2772 338 2824 et
360 2766 391 2823 10
415 2770 535 2824 cunctas
559 2764 716 2826 dimittitur
738 2767 869 2845 undique
892 2766 998 2844 partis,
1085 2787 1128 2828 00

182 2873 237 2916 000
260 2871 343 2913 0000
365 2869 420 2912 000
442 2854 562 2930 requies
585 2854 749 2915 interdatur
771 2854 830 2914 ulla
853 2852 976 2933 fluendi,

191 2949 334 3022 perpetuo
359 2942 497 3019 quoniam
520 2943 664 3002 sentimus
688 2948 718 3002 et
741 2941 868 3002 omnibu'
891 2958 1008 3021 semper

120 3035 176 3088 935
193 3048 314 3090 cernere
338 3028 455 3089 odorari
478 3027 548 3089 licet
570 3036 600 3089 et
623 3031 734 3090 sentire
758 3049 870 3091 sonare.
1087 3051 1128 3091 000

235 3117 320 3178 Νο00
343 3118 438 3176 00010
461 3124 592 3196 repetam
612 3135 699 3196 qnam
717 3137 784 3178 raro
803 3136 925 3198 corpore
945 3119 1004 3178 sint
1022 3135 1072 3178 res
1086 3138 1128 3180 aas

122 3222 173 3272 930
193 3222 435 3285 commemorare3
460 3205 537 3282 quod
561 3207 591 3265 in
614 3208 710 3284 primc
733 3225 850 3285 quoque
873 3207 1000 3266 carmine
1025 3205 1128 3266 claret.

192 3295 301 3371 qnippe
325 3295 443 3374 etenim,
466 3310 643 3371 quamquam
666 3293 772 3354 multas
794 3295 850 3355 hcc
872 3295 1001 3374 pertinet
1021 3293 1058 3353 ad
1078 3312 1129 3354 res

192 3396 329 3459 noscere,
351 3382 546 3458 cumprimis
569 3380 644 3441 hanc
668 3381 703 3442 ad
727 3401 791 3442 rem
812 3385 947 3462 protinus
971 3384 1080 3462 ipsam,

122 3474 179 3526 940
195 3482 252 3544 qua
276 3463 311 3524 de
334 3464 481 3527 disserere
505 3469 673 3550 adgredior,
695 3471 813 3531 firmare
836 3479 987 3531 necessest
1089 3494 1131 3534 sac

194 3551 238 3612 nil
260 3567 326 3610 esse
349 3553 380 3610 in
402 3564 540 3634 promptu
562 3559 621 3618 nisi
643 3560 768 3619 mixtum
790 3575 897 3638 corpus
919 3559 1008 3618 inani.
