2496 3876
421 885 463 970 T.
487 887 713 972 euenum
746 884 868 972 dam

285 1046 374 1142 nn
419 1047 671 1144 1111111
715 1047 1003 1200 unauna

481 1218 612 1284 LIBER
635 1219 805 1286 PRIMUS.

194 1505 364 1567 Aeneadum
387 1506 534 1584 genetrix,
556 1504 709 1564 bominum
732 1504 887 1584 divomque
910 1505 1057 1586 voluptas,

195 1594 270 1656 alma
293 1593 404 1674 Venus,
427 1591 501 1653 caeli
523 1591 625 1652 subter
647 1592 774 1653 labentia
797 1595 880 1671 signa

197 1701 271 1762 quae
295 1700 375 1742 mare
398 1683 581 1761 navigerum,
604 1699 678 1759 quae
700 1688 796 1742 terras
819 1682 1019 1760 frugiferentis

197 1769 397 1850 concelebras,
420 1788 474 1848 per
496 1775 525 1829 te
549 1771 687 1849 quoniam
710 1788 802 1848 genus
826 1788 912 1831 omne
936 1773 1115 1832 animantum

160 1861 363 1938 seoncipitur
385 1859 511 1935 visitque
535 1864 669 1920 exortum
691 1857 802 1918 lumina
825 1857 904 1919 solis.

195 1941 261 2030 1111,
284 1946 351 2027 dea,
373 1952 402 2006 te
425 1947 541 2023 fugiunt
563 1948 656 2026 renti,
679 1953 708 2006 11
731 1945 831 2007 nubila
854 1947 927 2008 caeli

196 2036 411 2113 adventumque
434 2041 533 2114 tuum,
556 2033 611 2093 tibi
634 2036 731 2093 suavis
754 2033 873 2095 daedala
895 2035 982 2097 tellus

196 2125 353 2184 summittit
375 2122 480 2202 flores‚'
498 2121 554 2182 tibi
576 2121 675 2181 rident
698 2139 824 2201 aequora
847 2125 931 2201 ponti

195 2211 398 2290 placatumque
421 2212 495 2270 nitet
518 2209 624 2269 diffuso
648 2208 759 2270 lumine
782 2208 903 2269 caelum.
920 2206 931 2289 ΙΙ

144 2307 177 2356 1ο
195 2318 263 2360 nam
287 2297 374 2359 simul
397 2315 430 2357 11
453 2299 568 2375 species
590 2297 763 2375 patefactast
785 2314 874 2356 verna
897 2297 957 2357 diei

195 2394 225 2447 et
247 2392 377 2447 reserata
400 2387 478 2463 viget
500 2383 668 2462 genitabilis
691 2385 893 2464 auratarum,

195 2477 291 2535 111111
314 2476 442 2553 primum
466 2472 599 2533 volucres
622 2479 664 2553 te,
687 2472 766 2553 diva,
789 2479 930 2552 tuumque

196 2563 362 2642 significant
384 2563 491 2621 initum
513 2560 666 2639 perculsae
689 2561 776 2622 corda
799 2567 848 2622 tua
870 2563 907 2622 ri.

195 2651 264 2712 inde
287 2651 366 2711 ferae
390 2648 519 2729 pecudes
542 2649 705 2728 persultant
727 2649 831 2729 pabula
854 2649 929 2710 laeta
1115 2665 1140 2706 11

144 2747 176 2796 15
195 2747 225 2800 et
248 2738 366 2818 rapidos
388 2745 506 2798 tranant
527 2741 636 2798 amnis:
661 2741 701 2798 ita
724 2746 806 2817 capta
828 2737 928 2817 lepore
1115 2755 1141 2793 14

193 2834 224 2888 te
248 2829 382 2906 sequitur
404 2825 510 2904 cupide
533 2844 591 2903 quo
615 2844 759 2905 quamque
783 2826 923 2887 inducere
945 2827 1053 2904 pergis.
1115 2842 1140 2881 11

196 2915 323 2994 denique
346 2933 400 2994 per
421 2916 514 2974 maria
538 2931 571 2973 ac
593 2916 702 2974 montis
725 2914 887 2994 fluviosque
911 2916 1025 2992 rapacis

195 3003 429 3081 frondiferasque
453 3001 554 3063 domos
578 3004 674 3061 avium
697 3020 873 3082 camposque
895 3003 1019 3061 virentis

194 3091 331 3152 omnibus
354 3093 501 3152 incutiens
523 3088 662 3150 blandum
685 3107 738 3168 per
760 3096 878 3169 pectora
901 3106 1030 3150 amorem

142 3187 175 3236 11
195 3181 288 3241 efficis
310 3187 345 3240 ut
367 3178 473 3258 cupide
496 3180 659 3257 generatim
682 3177 776 3238 saecla
799 3183 968 3256 propagent.

195 3286 269 3346 quae
294 3270 433 3347 quoniam
455 3285 555 3327 rerum
578 3273 711 3326 naturam
735 3265 795 3325 sola
817 3264 963 3343 gubernas

193 3374 249 3417 nec
273 3358 337 3418 sine
360 3362 389 3416 11
413 3357 569 3434 quicquam
592 3353 655 3414 dias
678 3355 709 3413 in
732 3352 852 3414 luminis
876 3371 941 3414 oras

194 3446 327 3507 11111111
349 3461 445 3522 neque
468 3443 501 3503 fit
522 3442 630 3503 laetum
652 3459 748 3520 neque
772 3441 894 3501 amabile
919 3443 1088 3521 quiequam,

193 3539 223 3593 11
247 3535 356 3593 sociam
379 3531 482 3592 studeo
506 3529 670 3591 scribendis
692 3528 827 3589 versibus
851 3547 929 3609 esse,

193 3642 378 3686 semuncem.
391 3642 517 3691 Baleger.
913 3633 928 3680 1
