2496 3876
134 207 199 261 XIV
495 205 776 263 PROLEGOMENA.

134 355 197 432 ipse
225 355 271 413 vir
297 371 351 432 pro
378 354 557 414 humanitate
586 373 638 414 sua
665 372 713 414 me
741 354 778 414 dc
806 373 840 414 ea
867 372 899 414 re
928 354 1040 434 docuit,
1072 372 1138 413 mea

134 442 225 502 editio
256 444 313 502 iarn
345 445 477 521 imprimi
508 449 611 521 coepta
638 449 714 522 erat,
745 445 786 502 ita
813 449 845 502 ut
871 441 907 501 ad
935 444 1138 520 quaestionem

134 547 238 589 novam
260 531 469 591 instituendam
492 537 609 608 tempus
632 548 679 589 me
704 530 850 590 deiiceret.
893 529 998 608 quodsi
1017 529 1139 590 Carolus

133 617 241 678 Hosius
261 636 335 696 quae
354 621 466 678 invenit
484 617 685 697 publicaverit,
704 617 781 696 quod
799 616 881 677 brevi
895 618 1026 678 futurum
1042 635 1138 697 spero,

133 705 310 786 videbimuS,
339 707 365 766 si
393 708 458 784 quis
487 707 561 765 torte
589 706 702 766 fructus
729 724 766 766 ex
790 708 833 765 eis
856 705 1020 765 redundare
1044 708 1139 783 possit

134 794 169 854 ad
198 811 317 854 carmen
345 792 380 853 de
408 811 508 853 rerum
535 800 638 854 natura
666 793 889 853 emendandum.
936 811 990 871 ego
1015 792 1137 871 quidem

132 899 307 960 persuasum
339 880 432 941 babeo
464 882 540 960 iore,
572 889 605 940 ut
633 881 813 941 Lachmanni
845 883 990 941 sententia
1021 900 1058 941 nc
1089 881 1139 942 his

133 968 254 1047 quidem
277 971 359 1029 novis
383 971 475 1047 copiis
498 968 696 1029 labefactetur.

222 1056 312 1116 Venio
335 1059 392 1116 iam
416 1057 451 1116 ad
474 1075 538 1116 rem
561 1057 716 1136 quandam,
739 1075 813 1135 quae
838 1059 997 1116 maximum
1020 1055 1141 1134 pondus

133 1143 242 1204 habere
270 1143 357 1205 debet
383 1147 415 1204 in
437 1143 606 1204 Lucretiani
633 1147 731 1222 operis
757 1163 890 1204 censura.
935 1161 1010 1222 quae
1032 1143 1139 1203 Hiero·

133 1249 237 1310 aymus
261 1232 341 1312 dicit,
363 1231 535 1292 Lucretium
556 1231 667 1310 aliquot
688 1231 780 1292 libros
799 1234 954 1310 scripsisse
972 1249 1027 1310 per
1044 1233 1139 1291 inter-

133 1319 206 1379 valla
237 1322 381 1399 insaniae,
414 1338 487 1398 quos
518 1327 620 1398 postea
650 1319 753 1380 Cicero
786 1320 997 1400 emendaverit,
1028 1321 1060 1379 in
1091 1322 1138 1379 eis

132 1407 336 1468 Lachmannus
359 1407 433 1467 nihil
456 1411 574 1467 omnino
598 1426 663 1468 esse
687 1411 847 1488 existimat,
871 1408 949 1486 quod
972 1406 1054 1467 credi
1075 1425 1139 1466 non

132 1498 226 1575 possit
249 1490 290 1578 (p.
315 1493 356 1557 62
377 1489 444 1578 sq).
491 1499 539 1554 cui
568 1499 608 1554 ita
635 1498 793 1576 assentior,
819 1503 853 1555 ut
878 1495 935 1555 hoc
963 1502 1042 1555 certe
1065 1513 1139 1555 con·

133 1590 210 1643 stare
243 1590 345 1661 putem
371 1581 540 1642 Lucretium
573 1601 626 1660 per
657 1582 809 1643 intervalla
836 1585 999 1662 scripsisse.
1049 1585 1140 1644 cuius

132 1678 230 1730 tamen
253 1672 298 1729 rei
320 1688 407 1730 causa
430 1677 530 1730 utrum
553 1671 666 1730 insania
688 1670 849 1731 identidem
868 1682 1025 1731 recurrens
1044 1670 1138 1731 suerit

132 1776 239 1838 necne,
266 1775 362 1835 neque
393 1760 453 1818 scio
481 1776 577 1836 neque
604 1777 683 1818 curo.
729 1759 795 1818 fieri
822 1758 940 1837 quidem
966 1761 1075 1839 potuit,
1102 1766 1138 1818 ut
1231 1743 1232 1804 b

131 1853 217 1923 poeta
245 1863 311 1905 cum
339 1848 369 1905 in
396 1845 518 1923 Epicuri
544 1845 629 1905 libris
656 1846 731 1906 male
758 1846 978 1925 dispositis-
1000 1847 1035 1906 cf.
1063 1846 1137 1906 diss.

133 1932 222 1993 schol.
249 1932 311 1992 Hal.
340 1930 424 1994 1882
452 1953 479 2012 p.
510 1930 526 1993 1
552 1952 614 2013 sqq.
643 1967 685 1977 -
713 1933 844 2012 legendis
873 1940 902 1993 et
928 1933 1137 2011 intellegendis

132 2020 290 2099 plurimum
312 2023 454 2100 temporis
479 2021 659 2103 absumeret,
682 2041 717 2082 ea
738 2024 803 2101 ipsa
825 2041 858 2082 re
882 2029 1037 2100 cogeretur
1060 2024 1137 2080 scri·

130 2108 220 2192 bandi
246 2127 320 2187 opus
348 2109 497 2169 interdum
523 2112 726 2170 intermittere.
772 2117 922 2188 utcunque
951 2110 1018 2190 init,
1045 2109 1137 2170 habe-

131 2215 196 2257 mus
228 2197 347 2257 Lucreti
384 2215 458 2276 opus
494 2216 589 2276 neque
626 2216 685 2258 uno
722 2205 824 2258 tenore
862 2200 1004 2276 scriptum
1036 2215 1137 2275 neque

131 2284 295 2345 absolutum
328 2304 424 2363 neque
452 2285 488 2346 ab
517 2289 580 2364 ipso
608 2293 694 2364 poeta
721 2287 846 2346 editum:
880 2304 952 2364 quae
982 2303 1038 2363 quo
1065 2303 1136 2363 per·

130 2376 255 2453 tineant,
282 2376 396 2452 primus
419 2373 622 2434 Lachmannus
649 2375 808 2452 perspexit.
854 2375 1008 2454 quicum,
1035 2375 1136 2432 animo

130 2462 255 2520 maxime
279 2463 310 2520 in
332 2479 396 2520 rem
418 2464 541 2541 intento,
564 2462 708 2540 quomodo
732 2463 894 2521 sententiae
916 2464 994 2520 iuter
1012 2477 1043 2520 se
1063 2478 1135 2520 con·

130 2550 295 2607 tinerentur
317 2555 474 2626 partesque
497 2552 575 2608 inter
598 2568 631 2608 se
655 2550 825 2626 exciperent
846 2555 1010 2629 quaereret,
1032 2547 1135 2608 videre

131 2635 188 2694 sibi
215 2637 295 2695 visus
324 2643 369 2695 est
396 2635 535 2696 nonnulla
562 2635 688 2714 capitula
710 2654 805 2714 neque
830 2655 883 2697 suo
906 2635 970 2696 ioco
994 2635 1135 2696 collocata

130 2730 229 2783 extare
253 2741 348 2801 neque
371 2724 488 2802 babere,
513 2742 570 2801 quo
594 2725 689 2803 aptius
711 2724 950 2802 transferrentur,
973 2724 1009 2784 cs.
1028 2741 1134 2784 comm.
1231 2745 1232 2766 ¹

128 2831 156 2890 p.
181 2809 232 2890 62,
256 2807 306 2891 84,
330 2807 403 2891 285,
427 2807 500 2873 384.
543 2812 616 2870 haec
639 2811 699 2871 vult
722 2830 738 2872 a
760 2811 896 2872 Lucretio
920 2811 976 2872 alio
999 2819 1134 2890 tempore
1231 2829 1232 2870 ;

130 2907 216 2977 atque
246 2918 279 2959 ea
309 2898 415 2977 quibus
444 2902 554 2960 inserta
581 2898 705 2978 legimus
732 2902 842 2978 scripta
869 2917 942 2960 esse.
989 2900 1066 2978 quod
1092 2901 1135 2960 ita

129 3005 232 3046 verum
256 3005 321 3047 esse
344 2994 424 3067 puto,
447 2995 479 3048 ut
500 2995 598 3047 tamen
617 2989 724 3048 nonin
743 3006 845 3048 omnes
864 2987 953 3068 iocos,
976 2987 1136 3065 inquibus

128 3073 333 3135 Lachmannus
361 3074 391 3134 id
419 3076 527 3136 iactum
550 3076 712 3156 contendit,
741 3075 844 3136 cadere
868 3076 1007 3136 videatur.
1053 3075 1134 3154 quod

130 3180 198 3221 vero
227 3163 304 3222 idem
333 3163 412 3223 addit
439 3167 548 3242 scripta
577 3182 642 3224 esse
668 3164 730 3246 illa,
757 3183 824 3224 cum
846 3164 1001 3225 Lucretius
1025 3170 1134 3244 cetera,

130 3249 238 3328 quibus
253 3252 384 3310 inserere
399 3251 528 3332 deberet,
547 3254 578 3312 in
593 3252 727 3313 manibus
742 3271 801 3312 non
814 3253 944 3330 haberet,
963 3269 1022 3310 non
1037 3250 1134 3311 credi-

130 3338 233 3397 derim.
263 3344 292 3397 et
301 3336 504 3400 Lachmannus
519 3340 637 3418 quidem
648 3341 797 3402 contendit
806 3341 863 3400 tale
873 3339 943 3418 quid
953 3357 1012 3399 nou
1023 3339 1135 3400 iactum

130 3444 196 3486 esse
212 3426 242 3484 in
253 3425 403 3503 prioribus
413 3427 527 3488 duobus
536 3428 629 3509 libris,
643 3431 674 3489 in
684 3447 741 3508 quo
752 3447 819 3489 eum
830 3446 943 3488 errasse
954 3446 1007 3505 ego
1017 3429 1134 3506 primus

130 3514 336 3573 demonstravi.
382 3515 461 3589 vide,
490 3535 562 3595 quae
587 3517 621 3578 ad
645 3517 663 3578 l.
687 3518 700 3578 Ι
722 3536 747 3578 v.
770 3513 815 3577 44
837 3524 866 3577 ct
890 3513 955 3576 130
977 3514 1134 3577 adnotabo.
