2512 3874
105 198 168 264 198
590 195 630 250 Vi

121 361 173 412 sto
192 346 362 442 spurcities,
386 343 488 404 eadem
511 341 602 404 subus
625 342 698 402 haec
721 341 849 402 iucunda
870 342 1001 424 videtur,

191 431 397 494 insatiabiliter
419 433 474 492 toti
495 437 529 492 ut
550 430 703 491 volvantur
725 429 844 490 ibidem.

235 520 298 581 lloc
320 522 409 580 etiam
431 526 580 599 superest,
603 521 668 597 ipsa
691 535 779 596 quam
801 518 900 578 dicere
924 517 960 580 de
983 537 1017 580 re

120 617 177 668 980
191 608 346 688 adgredior
369 607 447 686 quod
470 606 628 669 dicendum
650 608 733 685 prius
757 623 822 666 9999
846 605 971 666 videtur.
1071 629 1114 670 999

173 697 283 758 999119
305 696 448 756 foramina
470 712 538 756 cum
561 697 650 755 variis
674 695 733 754 9191
754 693 871 754 reddita
892 692 996 774 rebus,

122 800 173 852 919
193 783 330 846 dissimili
352 785 430 843 inter
453 801 484 842 se
508 790 612 844 natura
634 781 767 862 praedita
790 781 898 842 debent

192 891 258 934 esse
282 879 312 933 et
332 871 440 933 hahere
465 889 547 932 suam
570 878 705 932 naturam
727 887 860 948 quaeque
884 872 1013 948 viasque.

193 963 303 1040 quippe
326 961 436 1020 etenim
458 961 532 1020 varii
554 977 659 1020 sensus
683 957 880 1028 animantibus
903 960 1019 1038 insunt,

121 1055 178 1108 985
191 1066 316 1128 quorum
341 1050 465 1126 quisque
489 1065 573 1108 suam
594 1048 714 1125 proprie
733 1063 797 1106 rem
814 1047 941 1124 percipit
960 1049 991 1106 in
1010 1064 1056 1108 se:
1070 1069 1113 1112 999

192 1155 260 1197 nam
282 1142 438 1215 penetrare
461 1135 517 1196 alio
541 1137 655 1196 sonitus
677 1133 793 1211 alioque
817 1152 953 1212 saporem

123 1241 175 1293 980
192 1226 342 1286 cernimus
364 1241 381 1283 e
405 1225 497 1303 sucis,
520 1222 576 1285 9119
599 1223 712 1286 nidoris
736 1221 850 1282 odores.
1070 1245 1112 1286 999

192 1320 346 1392 praeterea
367 1329 486 1371 manare
509 1311 587 1373 aliud
610 1329 664 1389 per
688 1327 757 1370 9999
778 1309 907 1390 videtur,
1070 1333 1111 1374 ser

193 1408 280 1479 atque
304 1398 383 1460 aliud
405 1399 506 1480 ligniS,
529 1398 609 1460 aliud
631 1400 757 1460 transire
780 1415 835 1476 per
856 1415 975 1479 aurum,

123 1497 179 1548 990
192 1495 371 1567 argentoque
395 1487 474 1547 19999
496 1486 576 1547 alind
598 1489 733 1565 vitroque
755 1503 867 1546 meare:

193 1594 262 1638 nam
284 1576 377 1637 lluere
399 1575 454 1636 hac
477 1577 604 1656 species,
627 1574 694 1636 illac
717 1571 796 1634 calor
819 1575 863 1634 ire
886 1573 1015 1656 videtur,

124 1671 281 1742 casasque
305 1662 370 1724 aliis
393 1662 472 1724 aliud
495 1665 583 1723 citius
605 1664 806 1723 transmittere
830 1661 940 1722 eadem.
1071 1685 1112 1726 999

194 1750 320 1830 99111991,
343 1748 374 1808 id
396 1751 463 1810 fieri
484 1752 564 1828 cogit
585 1756 690 1810 natura
712 1751 826 1809 viarum

193 1836 375 1900 multimodis
397 1838 526 1918 varians,
548 1844 582 1898 ut
603 1836 690 1916 paulo
714 1836 896 1900 ostendimus
919 1842 998 1918 9919,
1071 1859 1111 1901 999

123 1933 178 1986 995
193 1931 315 2007 propter
338 1924 513 1985 dissimilem
534 1932 669 1986 naturam
690 1932 828 2004 textaque
850 1943 960 1987 rerum.
1070 1949 1111 1988 oso

238 2013 431 2094 Quapropter,
444 2011 520 2073 bene
534 2013 586 2074 ubi
598 2013 671 2076 haec
685 2013 856 2074 confirmata
867 2020 954 2091 atque
964 2012 1057 2074 locata
1070 2037 1112 2076 999

109 2119 176 2180 Ι990
195 2104 293 2164 omnia
315 2103 502 2164 constiterint
524 2101 610 2162 nobis
632 2108 788 2180 praeposta
809 2107 923 2181 parata,

195 2190 274 2271 quod
291 2196 436 2270 superest,
454 2189 538 2250 190119
556 2189 626 2250 hinc
643 2192 718 2250 ratic
736 2189 886 2269 reddetur,
904 2201 934 2249 et
948 2191 1043 2250 omnis
1057 2211 1112 2252 roco

194 2297 283 2340 09999
304 2278 436 2358 patefiet,
459 2296 533 2355 9999
557 2278 630 2338 19991
651 2276 780 2356 pelliciat
802 2278 869 2336 vim.

108 2375 181 2426 1000
194 2369 341 2447 principio
363 2365 456 2427 fluere
480 2383 496 2426 9
518 2364 615 2444 lapide
638 2365 694 2426 hoc
716 2364 861 2444 permulta
883 2371 1035 2426 necessest
1113 2439 1117 2448 ,

196 2456 321 2535 semina,
344 2456 404 2514 sive
428 2460 555 2534 aestum,
577 2455 629 2532 991
652 2453 773 2514 discutit
796 2457 864 2514 9999
885 2450 992 2533 plagis,

125 2559 177 2610 999
195 2545 273 2603 19199
296 2543 348 2621 qui
369 2541 496 2620 lapidem
520 2541 867 2620 199999999910999999
890 2539 1010 2602 locatus.

194 2630 251 2691 hoc
273 2628 326 2689 ubi
347 2631 478 2691 inanitur
500 2631 629 2708 spatium
649 2628 819 2707 multusque
842 2629 945 2688 vacetit
1059 2651 1112 2693 roos

195 2719 227 2779 in
248 2716 345 2779 medio
369 2715 465 2797 locus,
488 2717 633 2796 extemplo
656 2716 818 2795 primordia
840 2717 913 2777 19991

106 2808 225 2867 100519
248 2822 371 2866 vacuum
393 2804 530 2884 prolapsa
551 2805 660 2866 cadunt
682 2808 852 2885 coniuncta,
874 2805 1019 2883 11191999

195 2893 300 2954 999199
323 2896 387 2974 ipse
410 2898 550 2971 sequatur
573 2900 678 2973 eatque
700 2895 742 2955 ita
764 2910 887 2971 corpore
910 2899 981 2954 toto.

109 2996 251 3047 1000909
273 3000 321 3042 res
344 2981 403 3042 ulla
424 2983 518 3059 magis
540 2980 720 3059 primoribus
743 2997 781 3044 90
802 2980 961 3054 9191999119Ι

195 3069 368 3148 indupedita
389 3072 451 3131 suis
474 3076 537 3130 arte
561 3086 672 3130 conexa
694 3068 833 3131 cohaeret
1059 3092 1114 3132 nro

196 3175 284 3236 quam
301 3157 390 3217 validi
412 3157 484 3218 19991
506 3164 610 3218 natura
633 3163 663 3218 et
685 3156 810 3235 frigidus
832 3156 947 3217 horror.

106 3251 180 3302 1010
197 3262 254 3323 quo
276 3245 375 3304 minus
398 3250 444 3305 est
464 3247 586 3326 mirum,
610 3243 689 3323 quod
712 3244 829 3306 ducitur
851 3262 888 3304 99
911 3243 1078 3324 9191999119,

196 3348 320 3409 corpora
342 3333 368 3390 si
390 3338 541 3409 nequeunt
563 3351 579 3392 e
603 3333 682 3392 19990
705 3332 789 3412 plura
812 3339 912 3394 coorta

109 3419 228 3483 100919
249 3434 374 3476 vacnum
397 3418 482 3497 ferri,
506 3422 577 3498 quin
601 3419 705 3480 anulus
729 3422 792 3498 ipse
816 3427 970 3500 sequatur,

435 3502 512 3582 [988
532 3505 589 3584 sq.]
605 3533 646 3556 =
661 3504 725 3568 993
746 3526 788 3586 sq.
