2496 3876
472 220 753 277 PROLEGOMENA.
1065 220 1117 276 XV

199 367 260 427 lam
282 385 361 447 vero,
385 384 451 427 cum
473 367 545 428 illud
568 368 687 446 quidem
706 375 828 447 constet,
851 367 1021 429 Lucretium
1041 387 1114 448 opus
1199 369 1202 374 “

111 474 198 517 suum
230 474 289 515 non
322 454 481 515 absolvisse
512 473 609 534 neque
640 456 800 534 perfecisse
834 474 956 534 eamque
986 457 1023 516 ob
1052 475 1116 516 rem

109 544 202 604 multa
233 545 266 603 in
298 545 427 603 carmine
458 546 557 604 inesse
590 563 664 622 quae
694 544 901 604 emendaturus
930 547 956 603 si
982 544 1117 606 licuisset

110 633 212 711 luerit,
240 631 391 690 videamus
419 650 493 710 quae
516 631 635 692 Lucreti
662 632 770 691 editori
797 634 829 691 in
856 637 940 692 textu
962 631 1115 692 formando

110 727 178 780 ante
202 721 300 778 omnia
321 718 369 778 lex
393 719 549 779 sancienda
573 721 620 780 sit.
661 737 768 780 censeo
789 737 858 778 vero
882 720 956 780 hanc
976 737 1050 800 esse,
1073 728 1115 802 ut,

111 825 187 886 quae
214 814 312 887 poeta,
340 813 373 867 ut
399 807 486 866 homo
514 815 543 867 et
571 825 659 867 sanus
687 814 717 868 et
739 807 860 886 Epicuri
882 807 1032 868 doctrinae
1056 827 1116 868 non

110 899 231 974 ignarus
259 904 288 955 et
315 912 376 954 non
401 895 545 954 mediocri
571 895 667 973 pulcri
696 913 786 956 sensu
808 896 959 974 praeditus
983 895 1114 956 scribere

110 985 242 1062 potuerit
268 984 362 1060 primo
388 988 421 1042 ut
443 985 483 1042 ita
507 982 602 1043 dicam
625 986 747 1065 impetu,
770 985 922 1044 immutata
945 984 1114 1062 relinquere

110 1090 170 1131 non
199 1069 346 1150 debuerit,
374 1070 501 1130 ieramus
529 1071 617 1150 idque
644 1073 676 1131 in
704 1073 747 1131 eis
774 1074 901 1132 maxime
926 1071 1012 1152 locis,
1040 1090 1114 1150 quos

111 1179 127 1220 a
163 1159 343 1238 perfectione
386 1161 559 1218 remotiores
598 1177 663 1218 esse
699 1167 848 1238 apparent.
903 1159 980 1238 quod
1016 1166 1115 1220 tamen

110 1246 328 1326 Lachmannus,
360 1264 536 1324 quamquam
563 1249 676 1324 primus
704 1249 836 1307 omnium
863 1265 927 1307 rem
954 1251 1114 1328 perspexit,

110 1352 170 1395 non
202 1333 338 1393 omnibus
369 1333 443 1393 locis
475 1336 515 1394 ita
546 1342 579 1393 ut
610 1334 712 1393 debuit
743 1337 877 1394 servavit.
930 1353 991 1395 non
1022 1354 1114 1413 pauca

111 1425 190 1483 enim
213 1424 344 1500 mutavit,
368 1439 441 1499 quae
465 1422 650 1500 inperfecto
673 1424 802 1481 carmine
821 1422 945 1482 sortasse
964 1422 1037 1482 ferri
1055 1441 1114 1483 non

111 1510 266 1589 debebant,
285 1508 429 1569 debebant
447 1511 479 1568 in
497 1509 677 1588 imperfecto.
716 1512 794 1569 etin
813 1528 847 1569 eo
868 1510 987 1588 quidem
1006 1528 1113 1587 genere

111 1617 214 1658 omnes
247 1598 416 1657 erravimus.
466 1597 544 1657 idem
576 1615 645 1657 vero
676 1597 832 1658 nonnullos
859 1617 975 1679 versus,
1008 1600 1059 1676 qui
1086 1601 1114 1658 ei

110 1706 127 1746 a
151 1686 275 1765 perlecti
298 1687 435 1745 carminis
458 1684 601 1762 elegantia
622 1685 780 1746 abhorrere
800 1686 982 1767 videbantur,
1006 1686 1113 1746 additis

111 1772 260 1834 nonnullis
283 1774 410 1853 optimis,
433 1772 505 1832 alios
529 1791 545 1832 a
567 1772 739 1852 philosopho
763 1773 871 1834 lectore
891 1774 963 1834 alios
982 1793 999 1834 a
1017 1793 1113 1852 gram·

110 1865 218 1922 matico
246 1861 330 1921 fictos
358 1879 423 1920 esse
452 1861 614 1941 contendit,
646 1879 742 1938 neque
768 1868 867 1921 tamen
896 1863 928 1921 in
956 1881 990 1922 ea
1018 1865 1113 1940 suspi-

111 1953 196 2022 cione
219 1966 277 2008 non
301 1956 384 2008 caute
408 1966 440 2008 se
463 1952 554 2026 gessit
579 1949 789 2009 atmoderate.
834 1949 884 2008 sed
908 1949 1022 2010 abhoc
1046 1969 1113 2028 pro-

110 2040 181 2098 iecti
203 2035 372 2096 Fridericus
395 2035 584 2096 Neumannus
613 2043 643 2096 et
666 2036 787 2097 Carolus
811 2035 964 2098 Gneissius
988 2037 1114 2116 plurima

110 2143 233 2205 prorsus
256 2127 426 2202 incorrupta
448 2131 482 2184 ut
500 2126 600 2203 spuria
617 2127 777 2204 eiecerunt,
801 2131 902 2185 contra
921 2143 995 2204 quos
1013 2125 1113 2203 dispu-

110 2215 171 2274 tavi
187 2231 254 2273 ann.
273 2211 389 2272 Lucret.
409 2231 432 2272 a.
454 2208 538 2274 1876
556 2231 585 2290 p.
607 2208 669 2273 186
689 2231 752 2290 sqq.
773 2219 802 2271 et
822 2209 907 2274 1879
926 2232 954 2291 p.
970 2209 1031 2273 201
1051 2231 1114 2291 sqq.

110 2300 245 2362 nonnulli
268 2302 298 2360 in
322 2318 356 2359 eo
380 2317 487 2378 genere
511 2301 598 2359 etiam
620 2298 766 2358 Friderici
786 2299 872 2359 Pollii
896 2307 964 2360 sunt
988 2317 1114 2380 erroreS,

111 2407 186 2468 quos
219 2407 271 2448 suo
300 2406 444 2466 quemque
472 2387 550 2468 loco,
582 2388 608 2446 si
635 2389 710 2446 tanti
736 2386 838 2468 luerit,
870 2406 886 2447 a
913 2406 960 2448 me
988 2406 1113 2449 comme-

110 2478 222 2538 morari
246 2475 365 2536 videbis.

201 2564 259 2624 Sed
277 2581 382 2641 operae
401 2565 529 2642 pretium
549 2581 615 2624 esse
633 2570 705 2641 puto
723 2563 760 2623 de
778 2564 834 2623 hoc
853 2582 956 2624 versus
973 2564 1009 2624 ad
1023 2566 1113 2625 inter·

110 2651 259 2732 polatores
286 2651 434 2711 referendi
461 2651 591 2712 remedio
619 2654 758 2711 universo
787 2651 896 2730 aliquid
919 2653 1026 2712 dicere.
1077 2653 1114 2712 de

111 2759 170 2819 qua
197 2758 229 2800 re
253 2738 448 2800 Susemihlius
475 2741 506 2799 in
533 2738 632 2817 philol.
655 2746 675 2800 t.
698 2738 785 2798 XLlV
808 2759 835 2818 p.
861 2738 902 2801 83
931 2743 971 2800 ita
994 2739 1114 2819 iudicat,

109 2836 145 2888 ut
173 2829 249 2887 dicat
280 2845 383 2886 versus
410 2826 446 2886 ab
475 2826 684 2905 interpolatore
712 2828 796 2887 fictos
823 2846 986 2906 perpaucos
1013 2834 1113 2887 extare

110 2916 187 2995 apud
206 2914 388 2975 Lucretium:
411 2914 446 2974 ad
470 2914 703 2993 interpolationis
728 2917 817 2992 igitur
836 2918 1035 2992 suspicionem
1054 2932 1114 2974 non

110 3003 339 3081 confugiendum
371 3021 436 3062 esse
467 3004 527 3062 nisi
558 3005 612 3083 ita,
644 3005 670 3062 si
702 3001 814 3061 nullum
845 3000 922 3060 aliud
950 3002 1113 3063 remedium

108 3093 237 3170 reperiri
263 3108 349 3169 posse
374 3097 494 3150 constet.
541 3093 589 3150 cui
612 3106 741 3148 summae
766 3090 899 3148 sanitatis
922 3088 1031 3149 iudicio
1054 3093 1113 3151 iam

108 3197 176 3240 mea
198 3178 337 3239 nonnulla
361 3177 481 3238 subicio.

197 3265 252 3327 Est
269 3269 300 3326 in
320 3266 482 3346 proverbio,
502 3267 528 3325 si
546 3265 696 3325 hominem
715 3264 813 3324 arbori
832 3265 1013 3343 suspendere
1033 3264 1113 3344 velis,

108 3357 213 3416 restim
245 3353 329 3414 facile
361 3355 494 3414 inveniri.
546 3353 622 3431 quod
656 3352 759 3412 ecdem
791 3352 877 3412 modo
910 3353 945 3412 de
973 3369 1113 3412 versuum

108 3442 346 3504 damnationibus
374 3442 433 3502 dici
459 3448 564 3520 potest.
609 3459 677 3501 nam
704 3439 778 3500 nihil
805 3440 920 3500 facilius
944 3447 989 3498 est
1017 3457 1114 3518 quam,

108 3534 135 3594 si
154 3550 243 3610 quem
261 3549 379 3591 versum
396 3548 492 3608 neque
510 3530 699 3607 interpretari
717 3546 813 3605 neque
833 3527 989 3588 emendare
1006 3527 1116 3604 possis,
