2496 3876
493 190 775 248 PROLEGOMIINA.
1022 191 1139 246 XXXIII

129 346 163 400 et
181 356 242 399 non
260 337 521 399 assimilationibus
539 339 713 419 plerumque
733 345 852 401 secutus
873 358 946 399 sum.
987 339 1017 399 id
1041 347 1139 400 tamen

129 427 207 487 mihi
232 426 392 486 ridendum
414 429 593 507 existimavi,
619 446 659 488 ne
683 445 800 508 eorum,
828 429 879 505 qui
901 427 1008 488 lecturi
1030 436 1139 509 essent,

129 533 202 594 pars
234 514 320 575 facile
352 517 458 595 maior,
488 533 590 575 omnes
621 515 770 596 videlicet,
800 516 865 596 qui,
894 534 961 576 cum
994 520 1139 577 sermonis

130 603 217 663 latini
236 605 307 662 satis
323 605 413 681 periti
431 611 539 684 essent,
557 610 656 663 tamen
674 622 733 664 non
747 606 779 663 in
793 603 1024 664 accuratioribus
1038 622 1139 665 rerum

130 693 389 769 grammaticarum
408 691 514 752 studiis
527 700 725 772 versarentur,
738 694 826 752 nimis
840 691 966 751 insolitis
981 691 1139 753 verborum

130 781 237 839 formis
255 779 507 857 perturbarentur.
549 781 647 858 itaque
667 780 748 840 nolni
771 779 902 840 scribere
925 776 1062 842 lucunas
1084 799 1138 859 pro

131 864 271 942 13131313,
303 863 561 945 repraelwndore,
594 869 672 946 quod
699 871 787 928 etiam
813 867 990 946 Bernaysius
1019 871 1139 948 sprevit,

130 954 262 1016 vermicu
289 954 409 1035 similia,
441 973 508 1015 eum
536 974 571 1016 ex
600 956 815 1017 recentioribus
844 956 1006 1017 editoribus
1033 956 1138 1016 Munro

131 1062 170 1104 ne
185 1043 258 1104 illud
271 1058 385 1106 vocare
394 1042 521 1125 quidem,
537 1043 613 1122 quod
628 1063 681 1123 pro
695 1061 810 1107 vacare
823 1047 965 1123 scriptum
978 1044 1138 1106 Leidenses

129 1131 199 1211 plus
219 1131 311 1192 semel
329 1131 477 1211 exhibent,
496 1135 713 1212 contempserit,
733 1135 819 1211 quasi
837 1132 977 1194 credibile
996 1135 1036 1193 sit
1049 1151 1138 1194 aurea

133 1222 280 1280 sermonis
303 1219 386 1279 latini
409 1226 502 1280 aetate
524 1220 658 1281 homines
677 1221 707 1280 id
726 1223 831 1301 egisse,
853 1227 886 1281 ut
904 1220 954 1280 illa
972 1221 1030 1281 duo
1049 1222 1137 1282 verba

132 1325 222 1387 quam
245 1307 381 1368 facillime
401 1311 479 1367 inter
498 1301 530 1367 se
549 1307 689 1368 confundi
706 1316 835 1387 possent.
872 1309 977 1386 quodsi
996 1311 1054 1368 iam
1073 1311 1138 1370 fieri

130 1397 227 1476 possit
249 1404 282 1456 ut
305 1415 341 1456 ex
364 1395 448 1455 libris
471 1397 543 1455 noni
565 1395 611 1456 vel
634 1395 741 1456 decimi
763 1415 791 1475 p.
811 1395 877 1456 Chr.
896 1414 924 1455 n.
945 1396 1055 1457 saeculi
1073 1415 1138 1457 eam

133 1483 283 1544 scribendi
307 1484 558 1565 consuetudinem,
582 1503 657 1562 quae
680 1486 777 1563 quarti
796 1483 842 1543 vel
861 1485 957 1562 quinti
975 1484 1039 1563 suit,
1062 1487 1137 1544 reci-

131 1574 256 1651 piamus,
278 1591 383 1632 vereor
405 1579 438 1632 ut
460 1572 585 1633 multum
608 1572 684 1633 lucri
706 1573 774 1632 inde
797 1571 883 1634 nobis
904 1572 941 1632 ad
959 1574 1138 1650 optimorum

131 1659 284 1721 latinitatis
318 1668 471 1721 auctorum
503 1660 595 1720 libros
627 1661 834 1740 perpoliendos
861 1661 1015 1721 redundet.
1067 1661 1136 1739 quid

131 1745 233 1809 enim?
266 1750 292 1808 si
310 1749 427 1808 efficere
445 1767 600 1828 possemus
617 1756 651 1810 ut
664 1749 819 1810 Lucretius
838 1767 854 1810 3
873 1749 960 1809 nobis
978 1767 1137 1828 expressus

131 1838 171 1897 ita
195 1836 374 1917 loqueretur,
397 1843 430 1898 ut
452 1837 597 1898 Ammiani
614 1837 776 1898 Marcellini
799 1845 892 1898 aetate
915 1838 1050 1898 homiues
1073 1837 1137 1899 Itali

130 1922 221 1984 locuti
249 1931 332 2004 sunt,
363 1941 461 1985 nonne
488 1925 614 2004 plurima
641 1927 717 2005 apud
746 1944 813 1986 enm
841 1931 987 2007 extarent,
1018 1945 1091 2004 quae
1120 1944 1136 1986 3

131 2011 283 2073 Ciceronis
313 2012 427 2091 aequali
454 2015 564 2092 scripta
591 2032 657 2074 esse
684 2013 763 2074 nullo
791 2014 878 2073 modo
905 2020 1007 2092 posset
1034 2011 1137 2075 credi?

129 2119 190 2162 uno
210 2100 344 2180 exemplo
368 2101 519 2179 defungar.
564 2103 596 2162 iu
619 2101 637 2161 l
659 2101 697 2161 IV
718 2121 743 2162 v.
765 2099 849 2163 1186
872 2100 1077 2161 Lachmannus
1100 2119 1136 2161 ex

130 2189 274 2249 librorum
282 2188 363 2248 Leid.
379 2188 487 2248 litteris
507 2208 580 2269 quae
601 2197 669 2250 sunt
680 2188 861 2268 postcaem’a
878 2191 952 2249 mira
966 2191 1136 2248 coniectura

129 2279 299 2356 perspicere
333 2276 390 2336 sibi
421 2279 502 2337 visus
530 2284 575 2337 est
602 2280 633 2337 in
660 2277 831 2359 archetypo,
861 2284 1017 2354 antequam
1044 2278 1135 2336 corri-

76 2369 79 2375 “
130 2371 258 2445 geretur,
277 2365 368 2425 fuisse
382 2363 557 2444 poscaenia.
599 2365 686 2445 quod,
704 2371 737 2426 ut
759 2364 802 2425 ibi
824 2365 921 2445 inerit,
944 2363 1025 2423 nullo
1048 2364 1135 2424 modo

130 2470 146 2511 a
174 2451 293 2513 Lucreti
319 2471 408 2512 manu
435 2455 567 2532 potuisse
592 2454 742 2532 proficisci
756 2460 894 2514 testatur
916 2452 1136 2534 MommseninS,

130 2559 197 2600 cum
220 2543 251 2600 in
271 2540 417 2618 ephemer.
438 2543 529 2621 epigr.
548 2541 561 2600 Ι
583 2560 612 2619 p.
631 2539 673 2603 78
697 2540 801 2602 scribit
824 2537 893 2621 ‘pos
916 2542 994 2620 qnod
1007 2549 1063 2626 ,est
1080 2560 1135 2620 pro

123 2629 197 2707 post
218 2639 359 2706 sequente
383 2629 479 2689 denuo
502 2629 600 2690 littera
623 2631 637 2690 t
657 2629 815 2708 diplomata
838 2630 873 2690 ad
892 2629 1023 2691 Marcum
1040 2648 1135 2708 usque

128 2713 288 2794 ignorant'.
323 2718 381 2776 iam
400 2735 469 2776 vero
488 2718 542 2778 hac
561 2720 714 2778 occasione
734 2717 829 2778 oblata
847 2719 903 2778 hoc
921 2737 1042 2779 monere
1060 2717 1135 2798 volo,

128 2803 207 2882 quod
233 2812 332 2864 tamen
359 2807 473 2864 moneri
500 2808 549 2866 vix
577 2824 650 2886 opus
674 2806 775 2887 luerit,
804 2808 971 2886 quicunque
993 2804 1136 2884 philologi

128 2909 210 2952 more
242 2892 278 2952 31
306 2893 402 2952 studia
429 2892 603 2954 Lucretiana
632 2913 664 2954 se
693 2894 762 2955 dare
789 2894 928 2974 voluerit,
954 2892 1135 2953 Lachmanni

128 2983 352 3061 commentario,
376 2981 453 3060 quod
482 2999 555 3060 opus
581 2981 617 3043 31
641 3000 726 3042 omne
749 2983 881 3043 futurum
907 2989 1025 3059 tempus
1052 2999 1134 3042 man-

129 3087 231 3129 surum
257 3087 430 3148 persuasum
457 3069 565 3149 habeo,
587 3069 667 3130 nullo
694 3070 781 3130 modo
809 3087 897 3149 posse
920 3087 1029 3130 carere.
1075 3088 1133 3149 quo

128 3159 226 3217 minus
249 3164 312 3217 erat
335 3177 388 3217 cur
409 3157 455 3218 vel
478 3160 510 3217 in
532 3160 663 3219 minimis
686 3177 735 3219 eas
752 3158 910 3218 verborum
928 3158 1037 3219 formas
1059 3177 1134 3238 quae

126 3247 157 3304 in
179 3244 375 3306 Leidensibus
398 3252 561 3308 cernuntur
583 3247 631 3307 hic
654 3265 809 3307 servarem.

214 3333 317 3395 Restat
348 3341 381 3394 ut
412 3337 443 3395 in
474 3352 614 3395 versuum
643 3334 894 3395 numerandorum
921 3337 1034 3395 ratione
1062 3334 1132 3411 quid

127 3429 245 3484 secutus
278 3424 334 3482 sim
367 3423 470 3483 dicam.
522 3425 553 3482 in
580 3441 637 3500 qna
664 3440 697 3482 re
724 3423 754 3482 id
781 3423 855 3483 mihi
881 3423 938 3483 init
964 3420 1133 3502 tenendum,
1240 3479 1241 3488 ,

127 3518 159 3570 ut
186 3528 393 3590 quemcunque
420 3510 518 3571 locum
546 3512 611 3588 quis
640 3528 707 3570 cum
731 3513 864 3571 numeris
887 3509 1132 3569 Lachmannianis

178 3619 322 3662 huonnrms.
337 3621 371 3662 ed
385 3621 511 3671 Brieger.
757 3641 759 3647 ·
903 3624 919 3661 ὓ
