2512 3874
593 231 633 285 Vl

180 380 294 439 semina
316 386 499 440 concurrunt
521 378 607 439 calidi
630 377 753 457 fulgoris
776 378 812 439 ad
835 381 935 439 ictum.

181 469 223 526 sic
246 469 337 545 igitur
360 485 476 546 quoque
500 485 549 526 res
572 468 694 528 accendi
716 466 837 527 fulmine
862 466 961 548 debet,

180 562 344 634 opportuna
367 556 423 615 fuit
446 557 471 615 si
494 555 569 615 forte
594 563 624 616 et
646 555 751 615 idonea
773 554 908 615 flammis.

110 659 161 708 315
180 661 235 702 nec
257 650 369 703 temere
393 645 512 702 omnino
535 642 621 722 plane
644 645 688 702 vis
711 642 818 722 frigida
840 644 921 703 venti
1077 705 1078 710 ,

110 737 167 788 330
181 749 246 791 esse
269 738 380 811 potest,
403 749 438 790 ea
461 748 535 809 quae
558 738 639 792 tauta
661 733 690 790 vi
712 733 804 791 missa
827 737 997 812 supernest,
1079 753 1121 793 seo

181 821 266 899 quin,
288 821 372 897 prius
395 821 427 879 in
450 837 540 879 cursu
563 821 672 879 sinon
695 819 867 880 accenditur
889 821 964 899 igni,

180 914 210 966 at
232 907 377 985 tepefacta
399 913 499 968 tamen
521 909 619 968 veniat
642 909 799 968 commixta
822 906 928 967 calore.

224 994 371 1055 Mobilitas
394 1003 492 1057 autem
515 997 549 1055 fit
571 994 702 1056 fulminis
726 1003 756 1056 et
778 997 874 1073 gravis
897 998 988 1076 ictus,

109 1099 160 1148 320
179 1075 188 1165 ll
203 1089 232 1142 at
254 1082 344 1144 celeri
367 1083 459 1143 ferme
482 1091 661 1162 percurrunt
683 1083 806 1144 fulmina
828 1083 926 1164 lapsu,
943 1079 954 1162 ΙΙ

109 1175 167 1228 325
180 1169 308 1231 nubibus
332 1173 397 1250 ipsa
419 1172 497 1250 quod
521 1173 640 1231 omnino
664 1173 747 1250 prius
770 1173 861 1232 incita
883 1190 915 1232 se
939 1173 983 1231 vis
1079 1193 1120 1233 305

181 1258 292 1337 colligit
314 1266 345 1318 et
366 1278 505 1337 magnum
528 1277 670 1320 conamen
693 1261 784 1319 sumit
807 1259 910 1340 eundi,

179 1347 249 1407 inde
271 1345 324 1407 uhi
346 1365 407 1408 uon
428 1349 525 1426 potuit
547 1346 642 1407 nubes
666 1365 770 1425 capere
794 1349 903 1426 inpetis
927 1355 1059 1428 auctum,

180 1437 356 1515 exprimitur
378 1437 422 1496 vis
446 1443 533 1514 atque
555 1435 622 1496 ideo
645 1434 722 1495 volat
744 1435 853 1515 impete
876 1437 965 1516 miro,

109 1538 161 1587 325
181 1529 214 1582 ut
236 1523 340 1584 validis
364 1543 438 1603 quae
463 1524 498 1585 de
521 1526 677 1584 tormentis
699 1525 790 1584 missa
813 1524 956 1584 feruntur.

109 1615 164 1668 330
180 1610 254 1672 adde
279 1611 356 1690 quod
380 1631 396 1672 e
419 1615 516 1691 parvis
540 1620 570 1673 et
592 1612 705 1672 levibus
729 1619 776 1672 est
798 1611 965 1693 elementis,
1078 1635 1119 1675 ero

180 1717 235 1759 nec
258 1699 372 1759 facilest
393 1700 447 1759 tali
469 1706 590 1760 naturae
614 1699 759 1760 obsistere
785 1702 956 1779 quicquam:

180 1789 259 1846 inter
281 1789 361 1846 enim
384 1787 459 1864 fugit
481 1805 515 1847 ac
537 1793 673 1864 penetrat
694 1805 749 1865 per
771 1806 838 1848 rara
860 1790 988 1869 viarum,

180 1892 240 1934 non
262 1876 354 1952 igitur
376 1874 477 1934 multis
500 1873 661 1934 offensibus
683 1877 715 1934 in
737 1875 913 1935 remorando

109 1979 161 2027 330
179 1963 317 2043 haesitat,
340 1962 415 2022 hanc
438 1962 475 2022 ob
498 1979 562 2023 rem
586 1961 676 2022 celeri
697 1961 775 2023 volat
797 1965 907 2042 impete
930 1963 1045 2045 labens,

109 2055 164 2107 335
180 2051 300 2131 deinde,
323 2051 401 2129 quod
425 2052 544 2111 omnino
568 2057 672 2111 natura
694 2050 824 2129 pondera
847 2050 987 2112 deorsum
1077 2075 1117 2115 raa

180 2141 277 2198 omnia
300 2141 449 2218 nituntur,
472 2157 539 2200 cum
561 2138 676 2217 plagast
697 2137 795 2199 addita
817 2156 900 2218 vero,

179 2226 327 2287 mobilitas
351 2226 517 2306 duplicatur
540 2234 570 2287 et
592 2229 719 2306 impetus
743 2225 792 2286 ille
816 2229 973 2306 gravescit,

179 2322 213 2375 ut
234 2316 399 2374 vementius
423 2321 453 2374 et
475 2315 563 2374 citius
587 2331 789 2392 quaecumque
812 2321 965 2374 morantur

108 2418 161 2467 335
181 2402 265 2462 obvia
288 2402 427 2462 discutiat
449 2401 542 2480 plagis
565 2404 712 2480 itinerque
737 2409 887 2481 sequatur.

108 2496 163 2547 340
179 2490 307 2568 deniquo
330 2489 408 2569 quod
431 2489 518 2566 longo
541 2493 621 2550 venit
644 2492 766 2570 impete,
790 2508 907 2550 sumere
931 2490 1019 2550 debet
1078 2517 1118 2557 340

179 2577 374 2638 mobilitatem
397 2579 486 2636 ctiam
509 2583 596 2656 atque
621 2579 722 2658 etiam,
746 2596 820 2656 quae
844 2581 951 2638 crescit
974 2578 1071 2639 eundo

180 2672 209 2726 et
232 2664 342 2724 validas
365 2672 452 2743 auget
473 2666 546 2726 viris
570 2672 600 2725 et
621 2664 740 2725 roborat
763 2667 868 2727 ictum:

178 2771 246 2814 nam
270 2753 340 2813 lacit
362 2760 395 2813 ut
418 2771 492 2832 quae
517 2755 577 2814 sint
598 2752 677 2813 illius
701 2755 814 2813 semina
836 2771 962 2832 cumque

108 2859 160 2908 340
180 2861 196 2902 e
220 2843 340 2920 regione
364 2840 462 2922 locum
486 2844 570 2920 quasi
593 2843 624 2900 in
647 2859 740 2900 unum
763 2848 869 2901 cuncta
891 2842 1036 2923 ferantur,

88 2937 161 2998 Ι345
178 2932 277 2990 omnia
300 2931 451 2990 coniciens
474 2931 506 2988 in
529 2946 598 2988 eum
620 2927 765 2988 volventia
788 2947 916 2989 cursum.
1078 2951 1118 2992 ers

179 3018 302 3077 forsitan
325 3035 361 3078 ex
383 3018 448 3095 ipso
472 3018 594 3075 veniens
617 3015 715 3076 trahat
737 3020 805 3076 aere
830 3017 971 3094 quaedam

180 3122 317 3184 corpora,
340 3122 414 3183 quae
437 3103 531 3182 plagis
554 3103 716 3164 incendunt
738 3102 939 3164 mobilitatem.

179 3190 395 3270 incolumisque
418 3193 499 3250 venit
520 3208 575 3270 per
597 3209 647 3250 res
670 3198 758 3269 atque
781 3193 895 3269 integra
917 3193 1025 3253 transit

108 3296 160 3346 345
178 3276 283 3356 multa,
306 3276 500 3338 foraminibus
523 3278 654 3356 liquidus
677 3281 747 3356 quia
768 3279 929 3340 transvolat
951 3280 1037 3358 iguis.

108 3373 163 3424 350
177 3362 329 3440 multaque
351 3365 522 3444 perfringit,
545 3384 613 3425 cum
636 3383 760 3444 corpora
783 3366 916 3427 fulminis
940 3370 1014 3447 ipsis
1079 3391 1121 3432 eso

179 3449 353 3528 corporibus
377 3469 478 3511 rerum
500 3452 683 3533 inciderunt,
707 3472 764 3532 qua
787 3461 867 3515 texta
890 3462 1039 3518 tenentur.

179 3536 316 3597 dissoluit
337 3556 427 3615 porro
451 3539 535 3600 facile
559 3558 609 3600 aes
633 3558 797 3620 aurumque
820 3551 943 3621 repente
