2512 3874
596 265 635 321 vr
1057 261 1120 328 195
1227 229 1228 234 Ν

190 429 263 491 qaae
287 404 413 474 calidum
436 413 548 474 iaciunt
570 412 666 473 laticis
688 419 799 473 tactum
822 418 908 491 atque
933 429 1076 490 saporem.

189 501 257 561 inde
280 501 332 561 uhi
354 500 398 562 sol
421 502 512 562 radiis
534 508 645 562 terram
667 501 788 561 dimovit
810 501 931 561 obortus

117 595 174 647 870
188 595 218 649 et
240 589 378 650 rarelecit
400 589 493 649 calido
517 589 659 668 gliscente
682 607 801 669 vapore,
1080 609 1121 650 aro
1231 623 1232 630 κ

188 695 293 737 rursus
315 680 346 738 in
369 679 504 756 antiquas
527 677 653 737 redeunt
674 677 834 756 primordia
858 675 943 737 sedes

117 778 169 831 865
187 767 278 845 ignis,
301 767 384 826 etin
406 773 515 825 terram
538 763 617 825 cedit
639 765 718 826 calor
741 767 836 825 omnis
859 765 954 842 aquai.

188 852 312 930 frigidus
334 853 409 913 hanc
433 853 469 913 ob
493 869 557 913 rem
578 854 612 912 fit
634 853 699 913 lons
722 854 753 912 in
776 852 841 914 luce
865 852 977 913 diurna.

187 947 340 1019 praeterea
363 941 433 1002 solis
457 942 547 1002 radiis
568 943 695 1002 iactatur
716 943 804 1019 aquai

116 1034 174 1088 875
186 1045 274 1090 umor
295 1036 325 1089 et
346 1031 378 1091 in
400 1030 496 1090 lucem
518 1030 644 1090 tremulo
667 1031 791 1090 rarescit
813 1027 848 1089 ab
872 1036 968 1088 aestu:
1080 1046 1119 1088 ers

187 1124 343 1197 propterea
365 1118 399 1178 fit
421 1120 465 1178 uti
487 1135 561 1196 quae
584 1120 697 1178 semina
720 1135 846 1196 cumque
868 1116 957 1176 habet
979 1117 1057 1194 ignis

115 1221 170 1273 870
188 1205 328 1286 dimittat3
352 1208 437 1284 quasi
459 1218 546 1284 saepe
570 1205 681 1286 gelum,
703 1206 783 1284 quod
804 1208 935 1266 continet
957 1205 989 1264 in
1012 1221 1057 1284 se,

187 1296 279 1353 mittit
301 1301 330 1354 et
353 1291 477 1353 exsolvit
499 1292 621 1370 glaciem
644 1293 795 1372 nodosque
817 1293 936 1353 relaxat.

231 1379 368 1459 Frigidus
391 1387 437 1440 est
459 1383 548 1440 etiam
570 1381 649 1462 lom,
672 1399 760 1460 supra
784 1399 871 1459 quem
894 1383 950 1440 sita
973 1397 1060 1459 saepe

116 1476 174 1528 880
188 1475 294 1547 stuppa
316 1471 385 1530 iacit
407 1468 554 1528 dammam
576 1476 716 1548 concepto
739 1471 875 1547 protinus
898 1470 972 1549 igni,
1079 1489 1119 1530 cao

188 1557 330 1635 taedaque
354 1555 501 1616 consimili
523 1559 637 1616 ratione
660 1575 782 1617 accensa
804 1575 858 1635 per
881 1556 973 1616 undas

117 1661 169 1711 878
188 1644 335 1724 conlucet,
358 1661 543 1723 quocumque
566 1651 669 1704 natans
693 1643 855 1724 impellitur
877 1646 965 1705 auris.

187 1735 342 1813 nimirum,
365 1735 432 1811 quia
455 1735 577 1794 suntin
600 1751 674 1811 aqua
696 1732 842 1811 permulta
863 1734 980 1811 vaporis

189 1823 314 1901 semina,
337 1821 373 1881 de
395 1828 532 1900 terraque
555 1827 707 1882 necessest
728 1821 860 1882 funditus
883 1823 948 1899 ipsa

117 1918 174 1969 885
188 1911 265 1988 ignis
288 1926 410 1988 corpora
432 1927 487 1989 per
508 1917 603 1970 totum
626 1927 803 1988 consurgere
827 1910 939 1969 iontem
1079 1927 1119 1970 acu

189 2004 219 2056 et
241 1995 329 2057 simul
351 1999 501 2074 exspirare
524 1997 602 2056 foras
625 1999 765 2075 exireque
788 1999 818 2055 in
842 2014 941 2076 auras,

117 2102 169 2152 880
187 2103 247 2145 non
269 2087 310 2144 ita
332 2083 425 2143 multa
446 2091 557 2163 tamen,
581 2083 692 2144 calidus
715 2091 803 2162 queat
824 2090 858 2143 ut
880 2084 945 2143 fieri
967 2083 1047 2166 lons,

187 2178 344 2252 propterea
367 2170 499 2250 dispersa
521 2171 600 2232 toras
623 2189 777 2250 erumpere
801 2173 879 2249 cogit

188 2263 232 2320 vis
255 2278 309 2340 per
331 2277 436 2338 aquam
459 2259 555 2320 subito
580 2277 756 2338 sursumque
779 2277 812 2319 ea
836 2259 994 2322 conciliari.

117 2357 174 2409 890
189 2348 267 2427 quod
288 2365 381 2427 genus
405 2347 480 2406 endo
503 2349 606 2407 marist
627 2347 716 2407 Aradi
738 2347 817 2429 sons,
841 2348 935 2409 dulcis
958 2351 1044 2427 aquai
1080 2370 1120 2410 eoo

189 2439 240 2515 qui
263 2438 349 2496 scatit
370 2442 401 2496 et
423 2434 514 2495 salsas
538 2437 649 2495 circum
672 2453 704 2496 se
728 2436 856 2496 dimovet
878 2436 984 2497 undas:

118 2540 170 2591 885
190 2531 220 2584 et
241 2523 341 2584 multis
365 2523 430 2585 aliis
452 2521 574 2602 praebet
596 2522 767 2602 regionibus
791 2541 901 2601 aequor

189 2611 346 2672 utilitatem
369 2618 563 2691 opportunam
586 2610 747 2671 sitientibu’
770 2614 880 2691 nautis,

190 2699 267 2779 quod
290 2699 384 2760 dulcis
406 2702 485 2760 inter
508 2698 598 2759 salsas
621 2700 790 2759 intervomit
811 2699 913 2760 undas.

118 2796 174 2849 895
189 2791 231 2848 sic
254 2789 345 2866 igitur
366 2805 420 2868 per
443 2805 510 2847 eum
531 2793 656 2866 possunt
678 2805 833 2866 erumpere
856 2788 967 2848 iontem
1082 2808 1121 2850 aaa

190 2885 220 2937 et
242 2881 355 2936 scatere
378 2875 427 2936 illa
449 2875 528 2935 foras
550 2879 582 2935 in
605 2883 741 2955 stuppam
764 2878 889 2956 semina3
912 2893 969 2954 quo
992 2892 1060 2935 cum

119 2982 172 3032 890
191 2966 368 3025 conveniunt
390 2971 439 3024 aut
460 2966 492 3024 in
514 2963 610 3023 taedai
632 2981 755 3042 corpore
779 2963 950 3042 adhaerent,

191 3052 348 3112 ardescunt
370 3051 453 3111 iacile
477 3050 636 3132 extemplo,
659 3054 727 3130 quia
749 3050 840 3112 multa
863 3067 980 3128 quoque
1003 3051 1035 3111 in
1058 3069 1090 3112 se

191 3141 304 3202 semina
325 3137 434 3198 hahent
456 3141 533 3216 ignis
557 3146 678 3218 stuppae
701 3140 860 3219 taedaeque
884 3138 1010 3198 latentis.

120 3237 176 3288 900
191 3246 289 3290 nonne
311 3226 393 3287 vides
416 3228 517 3308 etiam,
540 3234 682 3288 nocturna
705 3229 742 3288 ad
764 3227 873 3289 lumina
896 3226 990 3287 linum
1083 3249 1122 3289 ooo

190 3335 285 3395 nuper
306 3315 359 3376 ubi
381 3316 542 3375 extinctum
565 3316 731 3397 admoveas,
754 3316 909 3377 accendier
931 3321 998 3376 ante

121 3422 173 3473 888
192 3422 279 3483 quam
300 3406 398 3483 tetigit
420 3402 579 3484 flammam,
601 3404 774 3482 taedamque
796 3406 862 3484 pari
884 3400 1019 3465 ratione?

191 3491 341 3571 multaque
363 3498 515 3570 praeterea
537 3494 620 3570 prius
644 3493 709 3569 ipso
731 3498 807 3552 tacta
830 3511 937 3572 vapore

193 3581 308 3642 eminus
331 3581 487 3641 ardescunt
509 3598 596 3660 qnam
620 3581 784 3641 comminus
806 3579 918 3641 imbuat
939 3581 1025 3657 ignis.

859 3681 912 3735 te*
