2500 3882
120 186 162 250 74
602 181 642 235 ΠΙ

188 331 260 392 illud
282 333 314 392 in
336 330 383 390 his
406 328 496 390 rebus
518 329 619 389 videor
642 329 759 388 lirmare
782 335 915 408 potesse,

119 437 171 487 320
189 438 283 498 usque
307 419 379 478 adeo
402 427 573 478 naturarum
596 419 718 494 vestigia
742 415 837 493 linqui

188 507 319 588 parvola,
343 525 417 584 quae
440 511 567 583 nequeat
589 506 663 566 ratio
687 503 835 582 depellere
859 503 968 583 doctis,

190 603 223 658 ut
245 596 288 656 nil
310 593 441 673 inpediat
464 593 583 671 dignam
605 594 651 653 dis
674 591 781 670 degere
805 594 902 652 vitam.

233 683 311 744 llaec
333 684 424 761 igitur
446 690 550 742 natura
572 687 690 742 tenetur
713 698 836 758 corpore
860 679 895 740 ab
918 682 1014 760 omni,

190 775 312 852 ipsaque
337 772 469 848 corporis
492 776 538 830 330
560 776 660 830 303033
683 776 711 828 31
738 786 825 829 33033
848 767 964 828 salutis:

120 879 171 928 325
190 878 258 920 nam
281 857 486 920 communibus
508 859 587 917 inter
610 875 641 917 se
665 856 813 917 radicibus
835 855 970 936 haerent,

190 967 245 1008 nec
268 949 332 1007 sine
354 948 485 1024 pernicie
508 944 608 1005 divelli
629 963 717 1024 posse
740 945 885 1005 videntur.

192 1035 269 1114 quod
292 1053 385 1113 genus
408 1052 424 1094 3
446 1034 542 1094 thuris
566 1032 677 1111 glaebis
699 1031 825 1093 evellere
848 1032 969 1092 odorem

191 1122 268 1184 haud
291 1122 418 1202 facilest,
442 1124 514 1200 quin
536 1123 662 1182 intereat
684 1127 788 1182 natura
812 1138 928 1200 quoque
952 1122 1027 1180 eius.

192 1214 235 1272 sic
258 1213 348 1272 animi
370 1217 457 1288 atque
480 1211 593 1270 3010033
616 1215 752 1269 naturam
775 1227 899 1288 corpore
922 1215 984 1268 toto

122 1317 173 1366 330
192 1300 346 1360 extrahere
368 1299 440 1358 haut
462 1297 588 1378 facilest,
611 1299 683 1376 quin
706 1299 804 1357 omnia
827 1295 1037 1357 dissoluantur.

192 1388 318 1467 inplexis
340 1389 380 1447 103
403 1388 557 1465 principiis
581 1385 617 1445 ab
640 1386 753 1462 origine
776 1387 871 1464 prima

192 1479 270 1536 inter
294 1494 325 1536 se
349 1475 423 1534 fiunt
446 1475 577 1534 consorti
598 1473 731 1552 praedita
753 1475 825 1553 vita,

192 1582 247 1624 nec
270 1563 327 1624 sibi
351 1580 483 1642 quaeque
507 1564 572 1622 siue
595 1561 716 1622 alterius
735 1562 764 1621 vi
785 1579 873 1640 posse
896 1561 1013 1623 videtur

192 1653 325 1730 corporis
349 1657 436 1729 atque
459 1651 549 1709 animi
572 1667 705 1710 seorsum
730 1651 841 1709 sentire
863 1656 1008 1730 potestas,

123 1757 174 1806 335
193 1738 245 1799 sed
268 1737 472 1799 communibus
494 1739 573 1796 inter
596 1755 645 1797 333
668 1737 812 1798 conflatur
834 1739 983 1816 utrimque
1075 1781 1081 1792 .

192 1825 321 1886 motibus
344 1843 485 1885 accensus
507 1824 593 1884 nobis
615 1843 669 1903 per
691 1827 805 1886 viscera
828 1843 940 1886 sensus.

236 1908 245 1998 ll
258 1913 413 1974 Praeterea
435 1931 542 1991 corpus
565 1931 619 1992 per
642 1931 673 1973 se
696 1932 751 1974 nec
773 1915 903 1992 gignitur
925 1931 1066 1992 umquam

193 2021 248 2063 nec
271 2003 379 2062 3033310
400 2019 496 2079 neque
519 2007 734 2080 postmortem
757 2002 863 2062 dirrare
886 2000 1010 2063 ridetur.

193 2092 363 2171 nonenim,
386 2099 419 2150 00
441 2107 527 2150 umor
550 2107 641 2169 aquae
665 2088 786 2150 dimittit
809 2107 895 2168 saepe
918 2107 1071 2171 vaporem,

123 2182 245 2260 eloqui
268 2179 352 2239 datus
376 2185 433 2258 est,
456 2197 552 2257 neque
576 2196 610 2238 ea
633 2196 720 2239 33033
743 2177 917 2238 convellitur
939 2180 1017 2258 ipse,

195 2268 247 2329 sed
269 2274 368 2328 manet
390 2266 558 2346 incolumis,
581 2283 653 2346 non,
676 2268 809 2346 inquam,
833 2268 875 2326 sic
898 2268 1007 2326 animai

194 2355 351 2416 discidium
374 2361 499 2434 possunt
521 2362 602 2415 artus
624 2354 757 2432 perferre
780 2354 889 2434 relicti,

195 2443 246 2504 sed
269 2445 388 2521 penitus
409 2449 535 2521 pereunt
558 2441 690 2503 convulsi
713 2460 827 2521 conque
850 2448 1032 2521 putrescunt

195 2550 231 2590 ex
253 2533 374 2591 ineunte
397 2548 467 2591 aero
491 2533 534 2591 sic
557 2531 691 2608 corporis
714 2538 800 2608 atque
824 2533 932 2590 animai

124 2635 175 2686 343
194 2626 296 2678 mutua
317 2617 413 2678 0103113
437 2618 555 2679 discunt
577 2619 709 2694 contagia
731 2624 841 2698 motus,

194 2707 336 2767 maternis
360 2707 448 2766 etiam
470 2705 611 2766 memhris
634 2704 755 2784 alvoque
778 2711 909 2785 reposta,

194 2793 352 2855 discidium
373 2795 409 2854 00
429 2802 556 2872 nequeat
578 2794 644 2853 lieri
667 2795 730 2854 sine
753 2800 837 2871 peste
860 2792 1009 2876 maloque;

194 2891 229 2944 ut
249 2881 362 2961 videas,
386 2884 523 2959 quoniam
546 2883 730 2941 coniunctast
752 2899 840 2941 causa
863 2881 979 2963 salutis,

194 2973 381 3032 coniunctam
404 2987 520 3047 quoque
543 2975 677 3029 naturam
699 2971 861 3030 consistere
886 2969 1025 3050 33000011

124 3075 176 3125 300
239 3058 323 3130 Quod
347 3064 517 3136 superest,
542 3059 634 3134 siquis
658 3075 764 3136 corpus
788 3061 899 3119 sentire
922 3060 1031 3120 0310030

195 3153 282 3224 atque
305 3149 432 3207 animam
455 3145 549 3206 credit
571 3146 746 3223 permixtam
769 3164 893 3225 corpore
916 3154 978 3207 toto

195 3236 346 3312 suscipere
368 3234 447 3295 hunc
469 3239 582 3294 motum
606 3250 693 3310 quem
716 3252 837 3294 sensum
859 3236 1083 3316 nominitamus,

195 3320 243 3380 vel
263 3322 432 3382 manifestas
455 3339 504 3382 res
528 3327 630 3382 contra
652 3338 794 3399 verasque
817 3329 969 3401 repugnat.

196 3407 267 3486 quid
291 3409 330 3466 310
353 3411 430 3468 enim
454 3427 562 3489 corpus
586 3410 695 3468 sentire
720 3409 791 3488 quid
815 3410 928 3470 adferet
949 3429 1105 3492 umquam,

126 3498 305 3560 33331030
328 3495 391 3572 ipsa
413 3495 509 3574 palam
532 3496 611 3574 quod
634 3514 682 3556 res
706 3496 787 3558 dedit
809 3516 842 3559 ac
866 3498 966 3559 docuit
987 3495 1064 3560 nos?
