2496 3876
476 268 761 324 reonucouuuu.
986 271 1127 326 cxxxnr
1226 237 1227 242 ‘

102 424 142 478 ut
161 415 221 476 dici
238 417 342 495 possit
379 434 448 476 cum
466 434 575 495 corpus
593 419 685 499 inani,
703 420 790 479 inane
810 437 933 498 corpore
951 420 1124 482 distinctum
1227 427 1230 502 ᾖ

105 506 151 566 sit
172 503 324 583 multoque
342 503 410 583 plus
429 506 517 585 spatii
536 514 661 585 cocupet
679 525 746 567 cum
765 509 894 588 omnino,
914 515 978 568 tum
996 511 1124 569 maximo
1229 523 1231 592 ᾗ

104 596 141 654 in
165 610 233 654 aere
256 601 286 653 et
308 593 441 674 aethere,
464 592 501 654 de
525 594 633 674 qrribus
656 594 704 655 hic
728 597 833 677 agitur,
856 598 942 656 inane
967 597 1045 674 quod
1069 604 1123 678 cst,
1230 599 1231 602 ’

104 699 170 742 555
202 681 302 761 video,
333 699 387 742 cur
419 681 552 743 scribere
582 701 643 743 non
674 686 805 763 potuerit
831 683 987 745 Lucretius
1013 702 1124 746 rarum
1231 673 1232 728 3

104 786 232 848 wipere
252 787 373 831 nexum
393 803 435 812 —
455 767 521 832 964
543 768 667 850 afflarat
684 765 840 855 (oleaster)
859 769 1016 833 mnbrosia
1032 771 1124 851 quasi
1232 777 1233 826 f

104 873 199 933 ver0,
221 859 251 920 ei
270 859 390 919 uectore
415 855 531 919 tinctus
553 862 571 919 i.
592 878 616 920 e.
641 862 693 938 qui
715 867 869 937 praeterea
892 863 980 921 etiem
1002 868 1123 921 nectare
1233 881 1234 897 ¹

104 948 221 1006 tinctus
244 964 311 1006 esse
333 945 482 1006 videatur:
509 944 621 1026 effluat
642 941 747 1031 (elluat
765 941 813 1032 0.)
840 946 1010 1011 ambrosias
1032 947 1124 1028 quasi

104 1051 179 1097 cero
198 1032 256 1105 00.
280 1036 310 1095 et
324 1036 444 1096 noctem
466 1032 578 1096 uerae
596 1036 629 1105 0.
648 1037 678 1097 et
693 1038 798 1098 uector
815 1035 944 1098 otiatus
962 1039 995 1110 0.
1014 1036 1125 1118 effluat
1235 1089 1236 1094 ,

105 1117 282 1185 morosius
312 1120 404 1201 quasi
433 1140 502 1185 cere
532 1125 562 1184 et
590 1122 718 1185 nocmri’
752 1121 863 1186 becbuc
894 1125 956 1186 Lm.
988 1125 1033 1207 ll,
1068 1126 1120 1187 sed

106 1211 257 1290 quomodo
285 1207 397 1272 licente
419 1211 540 1272 eiiluere
567 1214 676 1292 possit,
703 1230 763 1273 non
789 1215 881 1292 capio.
926 1212 1036 1293 effluat
1056 1233 1122 1275 ent-

106 1296 231 1362 boum
262 1293 402 1383 (latinum
432 1317 494 1360 non
526 1317 591 1360 esse
623 1293 710 1383 puto)
744 1299 836 1379 55553
865 1319 935 1363 nero
968 1336 1010 1344 -
1043 1302 1121 1380 quod
1237 1319 1238 1368 ς

105 1405 213 1449 uerum
244 1405 310 1448 esse
342 1387 554 1448 demonstravit
581 1421 623 1430 -
650 1389 680 1450 ei
708 1391 829 1451 uectore
858 1388 970 1450 tinctus
997 1389 1049 1449 llr.
1078 1423 1119 1432 —
1238 1399 1239 1416 ²

108 1473 198 1538 1003
216 1473 298 1554 quod
318 1474 448 1537 dueta
470 1493 507 1536 ee
524 1471 690 1537 elementis:
713 1475 827 1538 dieitur
844 1476 901 1548 00.
923 1494 982 1556 quo
1000 1475 1122 1539 355355
1239 1533 1240 1538 ,

185 1563 248 1624 Lm.
271 1561 393 1626 ducilem
415 1563 466 1642 [or
488 1559 653 1642 omento]
673 1563 704 1625 B.
729 1597 771 1607 -
794 1563 876 1644 quod
896 1563 970 1641 dice,
992 1563 1062 1626 obes
1084 1583 1122 1627 ear

106 1650 271 1716 menete.
308 1671 343 1712 ex
366 1651 549 1730 singulorum
569 1653 821 1734 corpusculorum,
845 1671 919 1732 quae
942 1656 973 1714 in
996 1672 1120 1714 vacuum

106 1741 247 1822 prolapsa
265 1740 409 1821 feruntur,
426 1747 508 1801 motu
527 1747 557 1801 et
574 1743 643 1802 nisu
661 1743 703 1821 fit,
721 1749 754 1803 ut
771 1742 883 1802 ferrum
898 1744 983 1820 quasi
996 1741 1121 1802 ducatur

109 1830 146 1892 ad
169 1837 343 1908 magnetem
363 1861 406 1872 --
427 1825 511 1890 1013
530 1847 573 1908 sq.
592 1828 707 1892 accedit
725 1830 824 1892 item
915 1827 990 1892 haec
1006 1848 1121 1910 quoque

108 1935 159 1980 res
185 1916 372 1993 adiurnento,
399 1919 559 1995 moresque
584 1915 723 1979 iuuetur:
752 1920 892 1997 555555
913 1917 1040 1980 55555
1062 1918 1119 1988 00.

108 2004 222 2068 ea...
241 2007 380 2083 uictuque
397 2004 517 2066 airvotm
534 2004 596 2064 Lm.
613 2005 644 2065 B.
660 2039 701 2048 -
718 2003 804 2067 1050
823 2026 866 2085 sq.
884 2009 1120 2085 515535555-

109 2090 188 2156 aolet
208 2093 350 2156 55155158
371 2092 449 2154 Lotz.
468 2091 568 2173 philol.
586 2093 637 2152 Vll
656 2090 727 2154 732.
764 2091 897 2155 intaebts
916 2093 974 2165 00.
994 2095 1058 2154 edd.
1078 2127 1119 2136 ——

114 2179 198 2244 1053
225 2180 466 2260 inmunesque,
498 2181 534 2240 ci.
567 2179 603 2240 ad
634 2180 661 2240 ll
688 2177 761 2242 510.
790 2214 832 2223 -
862 2177 947 2243 1055
978 2182 1121 2260 copem

109 2268 246 2350 flauniaco
262 2270 347 2345 saci,
367 2271 509 2349 probante
529 2268 688 2330 Giussano:
711 2266 872 2346 mapeesa‘a
889 2265 1024 2346 flaccina
1039 2286 1121 2330 saca

111 2358 171 2430 00.
201 2356 361 2437 55595555
390 2355 525 2436 flumina
556 2355 628 2419 saci
654 2355 834 2416 Wakefieldc
862 2374 1000 2416 assensus
1027 2357 1120 2418 Lach-

110 2465 247 2527 mannus,
260 2445 379 2526 oblitus,
392 2449 506 2526 opinor,
518 2445 657 2507 Lucretio
672 2444 892 2525 simplicissima
907 2463 1039 2524 quaeque
1050 2464 1119 2506 con-

110 2529 1118 2702 135331135333333330133

110 2728 144 2773 se
164 2707 342 2790 sinploriter
363 2709 439 2770 Flor.
454 2707 506 2771 31.
524 2710 577 2770 Mr.
600 2708 681 2772 ieter
698 2706 900 2789 siopilloriter
917 2711 1012 2772 LmB.
1031 2729 1120 2772 versu

112 2798 309 2860 immodulato.
336 2831 379 2842 -
410 2795 495 2860 1063
526 2797 634 2860 omrai:
666 2797 748 2858 nolui
780 2796 877 2876 55555
908 2799 1047 2860 scribere.
1076 2831 1119 2841 —

114 2885 197 2950 1097
212 2885 289 2967 quid
300 2882 485 2948 Brittannia
501 2883 619 2949 coelom
636 2884 761 2966 differre
778 2886 873 2948 Lm.B.
892 2889 911 2948 i.
926 2906 950 2948 e.
969 2887 1118 2947 Britannis

113 2994 177 3037 esse
192 2976 305 3037 caelum
318 2974 401 3035 valde
415 2975 556 3035 differens
570 2975 607 3035 ab
621 2994 666 3056 co,
680 2975 759 3054 quod
774 3022 781 3036 .
797 2994 817 3036 .:
840 2972 992 3038 1505551
1006 2981 1060 3035 etc.
1075 3007 1118 3018 —

114 3062 198 3127 1123
226 3061 408 3144 tanmem
434 3059 610 3124 balantibus
632 3062 732 3123 Bruno
755 3063 774 3124 l.
797 3082 822 3123 c.
849 3061 917 3123 iem
931 3060 1036 3141 pipere
1059 3062 1117 3135 00.

113 3152 175 3214 odd.
197 3186 237 3197 -
260 3148 344 3214 1126
372 3168 416 3212 55
442 3147 560 3213 caelum
580 3148 668 3213 nobc's
689 3152 866 3229 55551555
887 3147 967 3211 ultro
989 3153 1118 3214 55155

113 3239 187 3303 citro
200 3242 316 3303 55555
334 3241 524 3318 monoteta
538 3239 595 3310 00.
611 3286 638 3300 ..
657 3237 861 3300 5555551151.
876 3234 1013 3302 5155555
1024 3239 1117 3301 Bentl.

113 3329 144 3389 B.
154 3363 193 3372 —
203 3328 409 3390 Lachmannus
419 3328 565 3388 Isidorum
575 3322 627 3410 (de
641 3345 699 3387 rer.
714 3333 772 3387 nat.
788 3345 813 3388 c.
821 3320 880 3411 39)
894 3326 990 3388 videri
1004 3326 1117 3389 caelum

115 3424 282 3496 corruptum
296 3417 403 3495 legisse
419 3416 561 3476 concedit.
589 3415 727 3476 videntur
740 3433 811 3474 vero
825 3413 978 3476 barbariae
994 3417 1117 3476 orientis

113 3503 292 3584 temporibus
310 3507 342 3565 in
360 3522 449 3565 versu
466 3503 694 3584 holospondiacc
714 3501 882 3584 offendisse,
901 3505 1009 3582 quippe
1030 3520 1118 3580 quem

114 3596 230 3655 omnino
248 3595 480 3670 ignorarent-
499 3593 535 3653 ci.
558 3589 669 3652 Lbluill.
694 3589 730 3650 dc
751 3608 784 3650 re
803 3597 888 3651 metr.
914 3587 977 3652 149
997 3623 1039 3632 -
1058 3606 1118 3649 non

114 3682 268 3744 offendisse
295 3683 326 3740 in
353 3680 424 3742 ialsa
450 3680 627 3760 syllabarum
651 3679 813 3756 quantitate
837 3681 937 3756 itaque
959 3676 1118 3737 verborum
