2500 3882
144 215 188 279 46
630 214 656 268 Π

215 379 253 420 ue
277 362 418 439 quaedam
442 378 529 438 cogas
553 362 664 420 inmani
686 363 866 423 maximitate

217 467 295 530 esse,
319 468 407 528 supra
430 448 508 526 quod
531 450 589 508 iam
613 449 700 509 docui
721 468 782 509 uon
804 468 893 529 posse
914 450 1045 530 probari.

639 555 656 593 a

146 632 198 683 500
216 628 274 686 iam
297 625 353 685 tibi
374 623 544 686 barbaricae
567 633 664 685 vestes
686 624 887 705 Meliboeaque
911 626 1028 705 fulgens

215 731 347 792 purpura
369 712 538 773 Thessalico
562 714 739 774 concharum
762 714 870 774 inlecta
893 715 990 775 colore

216 801 366 879 caudaque
389 818 534 879 pavonum
557 800 667 861 ridenti
690 801 802 861 imbuta
824 801 924 881 lepore

217 907 303 949 caeca
325 906 400 948 novo
423 907 523 948 rerum
547 896 685 966 superata
707 889 805 950 colore
828 893 960 951 iacerent

217 983 247 1036 et
269 982 454 1054 contemptus
477 976 550 1036 odor
573 994 708 1055 smyrnae
731 977 885 1057 mellisque
909 996 1045 1059 sapores,

147 1073 198 1122 505
218 1071 247 1124 ct
269 1082 376 1143 cycnea
399 1064 475 1124 mele
498 1063 691 1144 Phoebeaque
715 1065 834 1126 daedala
857 1066 975 1126 chordis

217 1154 346 1212 carmina
369 1151 516 1212 consimili
538 1155 652 1213 ratione
676 1171 817 1231 oppressa
840 1154 974 1214 silerent:

216 1259 342 1319 namque
365 1240 432 1300 aliis
455 1239 534 1301 aliud
555 1243 753 1319 praestantius
777 1249 957 1303 exoraretur.

217 1329 321 1389 cedere
344 1331 417 1389 item
440 1335 520 1389 retro
542 1336 664 1408 possent
685 1332 717 1389 in
740 1329 902 1390 deteriores

217 1420 314 1478 omnia
338 1420 381 1477 sic
403 1420 509 1497 partia,
534 1424 568 1478 ut
591 1417 718 1477 diximus
740 1419 771 1476 in
793 1417 938 1478 melioris:

148 1513 198 1562 510
217 1524 343 1584 namque
367 1505 432 1565 aliis
456 1499 534 1566 aliud
557 1512 637 1565 retro
661 1523 777 1584 quoque
799 1508 923 1566 taetrius
945 1512 1026 1566 esset

217 1594 339 1654 naribus
362 1591 483 1653 auribus
507 1600 593 1671 atque
617 1591 710 1652 oculis
734 1595 852 1671 orisque
877 1596 983 1672 sapori.

218 1700 291 1760 quae
315 1683 453 1759 quoniam
476 1697 535 1740 non
559 1687 641 1760 suut,
663 1679 717 1742 sed
738 1681 827 1741 rebus
850 1682 965 1742 reddita
989 1690 1071 1742 carta

218 1770 286 1828 finis
308 1770 457 1846 utrimque
479 1774 561 1828 tenet
583 1786 741 1848 summam,
763 1769 872 1830 fateare
896 1779 1048 1830 necessest

217 1858 370 1916 materiem
393 1873 509 1934 quoquc
533 1857 624 1917 finitis
647 1856 765 1917 dillerrc
788 1858 899 1936 liguris,

149 1953 199 2000 515
219 1945 345 2022 denique
370 1943 405 2003 ab
429 1943 546 2021 ignibus
570 1944 606 2004 ad
629 1944 740 2023 gelidas
764 1947 821 2005 iter
843 1963 937 2024 usque
960 1948 1085 2024 pruinas

217 2034 362 2092 finitumst
383 2039 522 2109 retroque
543 2035 607 2110 pari
629 2036 742 2093 ratione
766 2041 972 2094 remensumst.

219 2122 314 2181 omnis
337 2122 416 2180 enim
439 2119 518 2180 calor
541 2138 575 2180 ac
597 2121 690 2198 frigus
712 2121 861 2200 mediique
884 2129 1003 2200 tepores

218 2212 437 2287 interutrasque
460 2211 556 2269 iacent
579 2208 730 2286 explentes
754 2210 857 2270 ordine
881 2228 1039 2271 summam:

218 2316 287 2376 ergo
311 2299 392 2356 linita
416 2297 526 2357 distant
549 2298 663 2356 ratione
687 2304 796 2377 creata,

148 2395 199 2443 520
219 2387 340 2464 ancipiti
362 2387 500 2463 quoniam
522 2387 658 2446 mucroni
680 2385 828 2462 utrimque
850 2379 1002 2466 notantur,

217 2474 287 2534 binc
310 2473 435 2532 llammis
459 2471 548 2532 illinc·
562 2473 667 2550 rigidis
690 2472 798 2532 iulasta
819 2477 941 2551 pruinis.

262 2561 344 2632 Quod
361 2563 511 2638 'quoniam
534 2561 634 2640 docui,
661 2578 782 2639 pergam
809 2569 961 2622 conectere
987 2581 1052 2624 rem
1076 2582 1152 2642 quae

219 2668 254 2710 ex
276 2649 333 2708 boc
355 2654 420 2726 apta
443 2648 530 2708 fidem
554 2648 653 2729 ducat,
675 2648 837 2727 primordia
859 2656 971 2731 rerum,

220 2739 297 2797 inter
320 2753 351 2795 se
375 2735 465 2794 simili
489 2754 562 2814 quae
586 2743 655 2796 sunt
676 2737 807 2814 perlecta
829 2737 934 2818 figura,

149 2835 200 2884 ouo
219 2826 333 2886 infinita
356 2822 463 2884 cluere.
501 2825 610 2884 etenim
634 2825 772 2885 distantia
795 2843 862 2886 oum
884 2827 925 2887 sit

219 2916 380 2975 formarum
403 2912 498 2992 linita,
520 2921 672 2972 necessest
695 2931 768 2991 quaa
792 2912 903 2973 similes
927 2915 986 2973 sint

219 3021 285 3064 essa
308 3001 452 3080 infinitas,
475 3007 525 3060 aut
548 3018 692 3061 summam
714 3003 848 3062 materiai

203 3093 331 3172 ⁴linitam
354 3095 503 3170 constare,
525 3088 557 3148 id
580 3088 658 3167 quod
680 3107 740 3148 non
763 3106 829 3148 essa
851 3089 981 3169 probavi.

641 3195 659 3234 e

222 3265 353 3325 versibus
377 3265 493 3326 ostendi
516 3264 689 3344 corpuscula
712 3267 846 3325 materiai

156 3363 206 3415 ⁶30
220 3370 256 3412 ex
278 3354 393 3413 infinito
418 3371 562 3414 summam
584 3370 684 3413 rerum
709 3370 802 3430 usque
826 3359 927 3412 tenere

219 3439 349 3516 undiquc
372 3440 486 3518 protelo
509 3441 660 3519 plagarum
683 3442 859 3500 continuato.

220 3543 288 3586 nam
311 3527 388 3603 quod
412 3546 478 3587 rara
500 3528 582 3588 vides
605 3529 697 3605 magis
721 3544 786 3586 esse
810 3525 944 3586 animalia
968 3526 1113 3604 quaedam
