2500 3882
127 184 171 246 44
613 181 640 234 Π

160 377 161 380 ,
199 348 265 390 esse
288 349 384 409 neque
408 332 527 390 omnino
550 329 635 390 flexis
657 329 849 391 mucronibus
873 348 962 411 unca,

200 420 252 479 sed
274 421 367 496 magis
391 418 512 496 angellis
535 418 654 497 paulum
677 417 894 498 prostantihus,
917 419 1002 496 utqui

199 507 318 567 titillare
340 508 433 584 magis
458 524 563 566 sensus
587 525 675 584 quam
698 505 814 567 laedere
837 508 966 586 possiut3

129 603 181 652 400
202 593 295 655 iecula
317 596 376 655 iam
399 612 457 671 quo
481 594 517 654 de
541 601 678 673 generest
700 593 856 674 inulaeque
881 612 1009 673 sapores.

201 683 328 761 denique
351 685 409 742 iam
433 681 542 742 calidos
566 685 643 761 ignis
666 682 850 760 gelidamque
873 685 1011 761 pruinam

202 770 340 830 dissimili
362 770 479 830 dentata
501 771 588 830 modo
612 789 799 849 conpungere
824 789 928 831 sensus

202 861 334 938 corporis
357 858 466 918 indicio
489 858 575 918 nobis
598 865 644 919 est
666 866 761 919 tactus
783 865 918 938 uterque.

202 954 298 1007 tactus
321 949 415 1027 enim,
436 953 545 1027 tactus,
568 965 636 1026 pro,
660 948 759 1008 divum
777 949 898 1007 numina
921 953 1038 1027 sancta,

132 1043 183 1092 435
203 1037 335 1114 corporis
359 1042 404 1095 est
427 1053 546 1115 sensus,
568 1035 615 1094 vel
638 1054 705 1095 cum
728 1053 776 1096 res
800 1042 901 1096 extera
923 1053 990 1095 sese

203 1125 345 1203 insinuat,
367 1123 414 1183 vel
437 1141 504 1184 cum
527 1122 616 1183 laedit
640 1141 714 1202 quae
737 1126 769 1184 in
792 1142 916 1201 corpore
938 1129 1038 1183 natast

204 1218 254 1272 aut
275 1215 355 1271 iuvat
378 1211 532 1289 egrediens
556 1211 691 1289 genitalis
714 1230 769 1291 per
791 1211 913 1271 Veneris
936 1229 999 1291 res,

204 1307 255 1360 aut
277 1319 313 1360 ex
337 1299 451 1360 offensu
474 1318 542 1360 cum
564 1298 684 1360 turbant
707 1318 830 1378 corpore
854 1301 885 1360 in
908 1301 972 1377 ipso

205 1391 316 1449 semina
339 1388 580 1467 coniunduutpeee
601 1391 680 1448 inter
703 1406 735 1448 se
759 1390 873 1448 concita
897 1405 1032 1467 sensum;

134 1485 186 1533 440
206 1484 238 1538 ut
261 1480 287 1537 si
309 1477 385 1537 forte
408 1495 497 1538 manu
520 1478 653 1555 quamvis
676 1478 734 1536 iam
760 1478 893 1555 corporis
916 1478 980 1554 ipse

206 1573 268 1626 tute
291 1565 346 1625 tihi
369 1572 483 1642 partem
506 1566 595 1624 serias
618 1572 705 1642 atque
729 1567 890 1642 experiare.

206 1659 385 1732 quapropter
406 1651 492 1730 longe
516 1653 625 1712 formas
649 1653 758 1712 distare
782 1658 933 1712 necessest

207 1742 375 1820 principiis,
401 1742 497 1800 varios
521 1758 594 1818 quae
617 1743 733 1819 possint
756 1741 844 1800 edere
868 1757 981 1800 sensus

251 1828 383 1906 Denique
407 1846 481 1906 quae
504 1827 590 1888 uobis
614 1828 717 1889 durata
740 1847 773 1888 ae
797 1830 891 1906 spissa
913 1826 1066 1908 videntur,

137 1923 188 1972 445
207 1917 280 1976 haec
302 1918 396 1994 magis
419 1916 543 1976 hamatis
567 1918 644 1977 inter
667 1935 732 1978 sese
756 1935 821 1977 esse
845 1923 997 1976 necessest

209 2011 238 2065 et
261 2007 345 2084 quasi
367 2007 492 2064 ramosis
516 2003 572 2064 alte
596 2012 747 2084 compacta
769 2007 873 2065 teneri.

208 2095 240 2154 in
263 2112 321 2173 quo
344 2095 402 2153 iam
425 2111 532 2172 genere
557 2095 587 2153 in
610 2095 714 2172 primis
738 2093 923 2153 adamantina
946 2111 1015 2152 sara

208 2184 304 2261 prima
327 2184 389 2242 acie
413 2189 549 2242 constant
571 2183 648 2242 ictus
672 2187 860 2242 contemnere
885 2187 968 2240 sueta

210 2278 239 2331 et
261 2271 349 2331 validi
372 2270 470 2330 silices
494 2289 528 2330 ac
551 2270 618 2330 duri
641 2269 747 2329 robora
770 2269 844 2328 ferri

139 2365 191 2416 450
210 2377 335 2438 aeraque
359 2378 433 2438 quae
457 2357 593 2418 claustris
616 2359 757 2417 restantia
779 2356 984 2416 vociferantur.

210 2446 259 2506 illa
283 2447 403 2526 quidem
426 2446 533 2506 dehent
556 2465 572 2506 e
596 2445 709 2505 levibus
733 2452 820 2523 atque
844 2443 980 2505 rutundis

210 2552 276 2594 esse
299 2536 405 2614 magis,
428 2534 536 2594 fluvido
560 2552 634 2611 quae
659 2551 782 2611 corpore
806 2532 917 2612 liquida
940 2538 1084 2592 constant.

211 2639 336 2700 namque
346 2623 498 2699 papaveris
507 2621 630 2680 haustus
641 2623 741 2680 itemst
748 2621 841 2681 laoilis
850 2623 934 2700 quasi
942 2638 1095 2700 aquarum,
1109 2632 1150 2674 450

140 2716 195 2768 455
212 2718 241 2770 et
262 2709 415 2788 perculsus
439 2711 510 2768 item
532 2707 661 2787 proclive
684 2708 821 2769 volubilis
844 2716 951 2789 exstat3
1109 2722 1150 2763 455

140 2807 192 2856 455
212 2816 267 2859 nec
290 2798 455 2857 retinentur
476 2799 555 2856 enim
573 2798 652 2856 inter
671 2814 702 2857 se
722 2795 932 2875 glomeramina
951 2815 1094 2875 quaeque.
1109 2811 1151 2852 454

212 2887 264 2948 sed
288 2884 366 2964 quod
389 2903 487 2945 amara
508 2885 590 2944 vides
608 2884 711 2945 eadem
730 2902 804 2963 quae
824 2884 931 2945 lluvida
950 2892 1095 2968 constant,
1109 2901 1151 2940 4⁶4

141 2982 196 3032 465
212 2975 303 3037 sudor
325 2975 369 3034 uti
391 2975 481 3033 maris
505 2979 563 3053 est,
586 2975 708 3033 minime
731 2971 866 3032 mirabile
889 2971 977 3032 dehet
1109 2988 1151 3028 455
1246 3053 1247 3059 ¹

212 3169 279 3210 nam
303 3152 381 3230 quod
404 3149 530 3211 fluvidus
555 3156 613 3230 est,
637 3168 653 3209 5
676 3148 790 3210 levibus
814 3155 901 3228 atque
924 3148 1061 3209 rutundis

213 3244 271 3317 est,
293 3241 322 3298 et
342 3235 487 3316 squalido
510 3237 603 3298 multa
626 3244 727 3298 creant
750 3237 878 3297 admixta
901 3236 1011 3296 doloris

143 3332 195 3380 460
214 3342 344 3401 corpora.
379 3344 434 3385 nee
457 3333 556 3385 tamen
578 3326 651 3385 haec
673 3326 798 3385 retineri
815 3324 930 3384 hamata
949 3334 1149 3386 necessumst:

214 3410 327 3470 scilicet
349 3430 414 3472 esse
437 3413 557 3491 globosa
580 3420 692 3492 tamen,
715 3428 782 3471 eum
806 3411 938 3489 squalida
960 3419 1111 3493 constent,

144 3505 197 3557 470
214 3497 345 3575 provolvi
368 3500 456 3560 simul
479 3509 512 3561 ut
534 3503 649 3579 possint
672 3505 702 3558 et
724 3497 840 3558 laedere
865 3515 979 3558 sensus.
1111 3515 1152 3554 455
1248 3509 1249 3522 ’
