2496 3876
128 233 166 286 VI
487 230 767 287 PROLEGOMENA

129 399 196 441 cum
227 381 415 459 praefatione.
466 387 565 440 secuta
596 386 643 440 est
669 387 807 459 quattuor
831 384 916 441 annis
942 390 1010 460 post
1036 386 1143 444 maior

129 469 219 528 editio
238 487 305 528 cum
323 470 541 529 commentariis
559 467 674 528 duobus
693 476 723 528 et
741 471 982 546 interpretatione
1000 471 1143 550 Anglica.
1210 495 1213 502 ’

129 556 166 616 de
197 559 282 617 cuius
312 557 383 617 libri
412 555 570 616 virtutibus
602 556 672 634 quid
704 557 778 616 mihi
804 557 954 618 videretur
980 567 1049 619 ante
1080 560 1143 620 bos

128 644 196 724 plus
221 647 326 724 viginti
353 662 445 704 annos
472 647 504 704 in
530 642 668 704 Bursiani
694 644 859 726 annalibus,
884 648 937 724 qui
962 647 1143 708 inscribun-

128 741 179 794 tur
204 733 424 793 Jabresbericht
454 731 529 792 iiber
559 731 607 791 dic
638 731 831 793 Fortscbritte
863 733 917 793 der
946 733 1143 796 klassiscben

129 821 521 900 Alterthumswissenscbati,
545 839 570 880 a
594 816 679 882 1873
700 840 729 900 p.
758 817 974 883 1098—1129
997 827 1141 902 exposui.
1234 853 1235 860 κ

129 910 260 990 posthac,
288 927 362 987 quae
388 911 421 968 in
442 907 580 980 Bursiani
606 908 773 989 annalibuS‚
800 911 852 988 qui
872 928 952 970 nunc
974 910 1011 969 ab
1033 911 1140 972 Iwano
1234 970 1236 985 ,

129 997 252 1056 llbllero
271 997 408 1078 eduntm,
426 999 543 1076 scripsi,
560 996 708 1057 annalium
726 995 969 1058 Lucretianorum
989 999 1141 1060 vocabulo

130 1083 310 1162 significabo.
357 1087 417 1144 iam
449 1102 563 1165 eorum,
595 1103 669 1164 quae
701 1085 743 1145 ibi
774 1087 882 1164 scripsi
913 1086 950 1145 de
976 1085 1139 1148 biunronis

129 1175 258 1252 meritis,
290 1190 434 1233 summam
463 1171 593 1232 breviter
624 1173 877 1252 comprehendam.
925 1173 1031 1234 biunro
1066 1195 1140 1236 cum
1203 1197 1207 1204 ’

130 1260 365 1340 quattuordecim
396 1278 499 1320 eorum
525 1258 646 1321 Lucreti
676 1263 816 1321 carminis
842 1261 990 1342 codicum,
1022 1266 1077 1342 qui
1105 1267 1140 1324 in
1234 1335 1235 1346 ,

131 1349 229 1410 ltaliae
265 1348 389 1409 urbibus
425 1356 624 1430 asservantm,
661 1356 711 1410 aut
742 1348 898 1427 diligenter
927 1358 1139 1427 perscrutatus

131 1446 209 1498 esset
227 1446 278 1498 aut
296 1443 376 1498 certe
394 1438 573 1516 inspexisset
587 1438 717 1515 itemque
735 1443 850 1497 veteres
864 1437 955 1497 libros
968 1441 1138 1516 impressos

131 1533 244 1586 tontum
270 1544 331 1585 non
357 1543 460 1584 omnes
487 1531 642 1603 cognosset
666 1531 696 1584 et
717 1543 777 1584 non
800 1543 893 1604 pauca
915 1544 951 1585 ex
973 1525 1021 1586 his
1043 1527 1137 1588 fonti·

129 1614 186 1674 bus
221 1612 305 1672 utilia
337 1612 497 1692 hausisset,
533 1631 549 1672 a
579 1611 739 1691 Bemaysio
772 1613 840 1692 plus
871 1616 1013 1673 trecentis
1046 1619 1138 1693 quin-

133 1703 272 1779 quaginta
304 1699 377 1760 locis
413 1699 563 1780 discessit,
593 1719 620 1761 r.
651 1700 722 1777 Poll.
755 1702 787 1760 in
817 1700 917 1779 philol.
949 1701 1026 1760 XXV
1056 1699 1138 1784 497,

130 1787 320 1848 Leidensium
352 1790 555 1849 auctoritatem
586 1806 603 1847 a
633 1786 819 1848 Lachmanno
852 1797 981 1868 spretam
1013 1799 1138 1852 centum

130 1877 192 1936 iere
220 1878 432 1955 quinquaginta
453 1874 526 1936 locis
548 1878 691 1956 restituit,
717 1883 875 1955 utrumque
898 1877 989 1938 multo
1013 1882 1137 1957 saepius
1234 1905 1235 1922 ¹

130 1971 211 2025 recte
244 1983 331 2043 quam
362 1963 448 2045 falso,
480 1982 506 2023 v.
537 1981 603 2023 ann.
637 1962 752 2025 Lucret.
781 1961 866 2026 1873
896 1984 924 2042 p.
953 1961 1040 2026 1104
1068 1985 1137 2048 sqq.

131 2051 209 2112 idem
230 2061 280 2114 aut
298 2072 334 2113 ex
353 2051 477 2113 aliorum
495 2053 673 2112 coniecturis
692 2051 906 2113 aLachmanno
924 2053 971 2112 rel
988 2054 1137 2132 neglectis
1234 2085 1235 2092 κ

131 2139 176 2201 vel
198 2139 343 2202 domnmis
365 2147 416 2201 aut
438 2141 501 2200 suis
522 2141 587 2218 ipse
610 2142 737 2200 inventis
761 2159 821 2201 non
844 2159 945 2222 pauca,
968 2160 1043 2220 quae
1068 2162 1137 2204 cor-

129 2237 216 2309 rupta
238 2237 335 2310 erant,
358 2230 478 2289 sanavit.
523 2226 574 2287 ubi
596 2231 713 2309 erravit,
736 2227 814 2306 quod
836 2246 896 2288 non
924 2247 991 2289 raro
1014 2232 1137 2312 eccidit,

131 2325 163 2380 ut
184 2318 271 2379 homo
293 2319 379 2379 venia
401 2317 507 2395 dignus
529 2322 582 2376 est

218 2406 327 2476 Quarto
344 2405 409 2465 loco
426 2407 505 2464 inter
522 2403 642 2465 Lucreti
660 2403 788 2464 editores
805 2422 993 2464 numerarem
1008 2403 1136 2467 Fride-

128 2497 243 2556 ticum
264 2491 585 2572 Boclremirllerum,
606 2493 665 2551 nisi
687 2494 752 2570 ipse
775 2498 898 2552 testatus
921 2500 1001 2552 essct
1024 2511 1057 2552 se
1085 2494 1136 2555 his

130 2583 317 2643 adnumerari
338 2579 425 2640 nolle.
473 2579 503 2639 id
526 2597 558 2640 se
581 2597 667 2657 agere
690 2579 776 2660 dixit,
800 2587 833 2640 ut
855 2583 913 2659 eis,
935 2583 987 2658 qui
1008 2589 1077 2660 post
1100 2601 1135 2643 se

131 2687 249 2730 carmen
269 2668 305 2730 de
323 2686 425 2729 rerum
443 2674 547 2728 natura
565 2668 674 2728 edituri
692 2675 800 2749 essent,
823 2668 1034 2748 suppeditaret,
1057 2688 1135 2747 quac

129 2755 237 2818 multos
254 2775 309 2836 pcr
327 2774 419 2818 annos
437 2758 469 2816 in
488 2755 594 2816 studiis
608 2755 792 2817 Lucretianis
810 2762 943 2816 versatus
960 2758 1134 2818 invenisset

129 2845 218 2906 huius
244 2847 276 2905 in
302 2846 360 2906 viri
381 2844 500 2923 ingenio
522 2851 603 2904 tanta
626 2844 682 2903 luit
704 2845 908 2923 repugnantia,
934 2850 968 2903 ut
989 2847 1134 2905 maiorem

130 2951 189 2994 non
212 2933 295 2995 facile
319 2936 351 2994 in
369 2932 429 2993 ullo
447 2933 565 2992 bomine
584 2934 724 2992 invenias.
764 2949 832 2992 nam
851 2949 918 2991 cum
937 2931 1134 3010 capitulorum
1235 2972 1236 2975 κ

131 3021 264 3081 ordinem
286 3023 317 3082 in
335 3021 420 3081 libris
438 3022 648 3099 manuscriptis
665 3020 815 3080 turbatum
833 3034 893 3078 non
911 3037 978 3079 raro
997 3022 1133 3082 acumine
1235 3100 1236 3105 ἵ

130 3110 238 3170 eximio
270 3109 436 3188 indagasset
468 3115 498 3168 et
529 3126 586 3186 quo
620 3110 745 3186 quicque
774 3108 1026 3186 transponendum
1047 3117 1132 3170 esset

129 3197 339 3278 perspexisset,
362 3198 448 3258 idem
466 3214 526 3256 non
548 3196 635 3255 modo
658 3195 695 3255 de
718 3197 857 3255 carminis
881 3197 994 3274 origine
1017 3194 1130 3256 fabulas

130 3285 259 3345 narravit
285 3301 407 3362 prorsus
434 3282 636 3364 incredibiles,
667 3283 718 3344 sed
745 3286 777 3343 in
803 3291 886 3344 textu
913 3302 1001 3362 quem
1027 3291 1132 3344 vocant

132 3370 338 3433 constituendo
367 3373 536 3450 saepissime
563 3370 609 3430 vel
635 3373 667 3431 in
695 3373 849 3432 sanissima
874 3390 1006 3450 quaeque
1029 3375 1131 3432 saeviit
1233 3368 1235 3379 '

133 3459 217 3536 quasi
240 3457 339 3518 lurore
362 3457 500 3536 abreptus
522 3465 552 3518 et
574 3462 672 3519 omnia
690 3460 859 3520 foedissime
877 3459 1013 3520 turbavit.
1053 3460 1130 3520 velut
1234 3455 1235 3486 ¹

134 3545 165 3604 in
187 3545 257 3604 libri
279 3544 399 3604 alterius
417 3545 550 3605 versibus
570 3542 743 3609 lou-176
761 3548 833 3608 haec
852 3551 983 3626 scripsit:
1004 3543 1052 3608 At
1066 3546 1131 3626 qui»
