2496 3876
496 257 775 314 PROLEGOMENA.
1014 261 1142 315 XXXVII

136 403 188 464 sed
216 407 346 483 primum
374 405 471 466 dativo
498 407 614 466 videtur
637 424 712 485 opus
735 423 801 466 esse
825 405 860 465 cf.
884 424 909 466 v.
928 402 1007 488 443,
1034 407 1142 469 deiude

136 510 191 552 cur
221 491 377 554 Lucretius
408 513 497 556 ausus
529 513 588 554 non
621 497 660 553 sit
692 495 740 554 hio
769 493 897 554 Ennium
927 497 1058 556 imitatus
1090 490 1140 580 (cs.

135 579 288 640 Biicheler.
313 580 438 642 Grundr.
468 583 521 642 der
548 583 595 642 lat.
609 581 801 642 ·l]eclination
828 601 856 660 p.
875 575 932 664 53)
958 583 1086 643 dativum
1109 586 1140 643 in

135 671 165 728 ci
187 669 372 730 desinentem
395 667 547 732 scribere?
579 670 718 731 vocabulo
742 668 884 751 dometur,
909 670 944 729 de
970 689 1027 747 quo
1052 691 1140 750 supra

135 775 163 835 p.
177 754 243 816 XXI
267 757 341 837 dixi,
367 777 428 820 non
455 761 555 838 inepte
584 760 717 819 conseras
740 757 894 818 Liuianum
922 757 994 818 illud
1011 777 1071 836 per
1092 757 1141 820 du-
1183 761 1185 772 '

136 841 263 925 ouium,
285 845 303 905 l.
326 845 403 906 XLII
418 844 473 928 12,
489 846 522 927 7,
544 847 597 907 ubi
619 846 799 907 Lachmanni
815 865 875 925 per
896 842 1052 908 indroduci
1075 865 1141 906 sen-

135 935 228 994 tentio
245 937 431 1012 pervertitur.
447 968 488 977 —
503 929 700 1017 11458-463
716 955 732 992 s
746 931 811 996 464
825 931 841 1017 d·
875 937 919 995 eis
939 953 1012 1014 quoe
1032 935 1068 995 de
1084 935 1140 994 hoc

135 1021 201 1082 loco
220 1024 326 1100 scripsi
343 1041 371 1102 p.
387 1022 476 1082 XXIV
493 1024 565 1083 haec
584 1023 666 1084 addo.
692 1030 793 1083 contra
809 1022 942 1103 Pollium,
962 1025 1013 1102 qui
1032 1023 1068 1083 de
1087 1031 1140 1084 art.

134 1109 235 1169 vocab.
251 1108 368 1171 Lucrei.
386 1130 414 1191 p.
429 1109 471 1173 69
491 1131 534 1170 vv.
548 1108 612 1173 461
625 1131 667 1190 sq.
687 1111 772 1192 tollii,
789 1119 857 1190 post
876 1111 1141 1190 Siuerenburgium

134 1215 182 1258 me
207 1197 305 1258 dicere
328 1215 389 1259 non
412 1217 486 1278 opus
510 1207 568 1279 ost,
595 1202 653 1259 nisi
678 1201 754 1260 forte
777 1200 832 1260 hoc
854 1200 1047 1280 monendum,
1071 1219 1140 1260 con·

134 1287 299 1347 iunctivum
320 1283 480 1348 abstulcrc't
500 1288 665 1347 rectissIme
689 1290 831 1366 scriptum
854 1305 920 1346 esse
943 1294 976 1347 ut
999 1290 1031 1347 iu
1054 1306 1141 1348 causa

134 1393 196 1434 non
215 1392 230 1434 a
248 1373 386 1434 Lucretio
405 1375 458 1435 scd
477 1393 494 1434 a
512 1378 613 1435 nescio
628 1394 687 1453 quo
702 1394 789 1454 quem
804 1374 861 1435 sibi
875 1376 958 1452 fingit
973 1376 1140 1436 adversario

135 1461 256 1541 prolata.
279 1495 320 1504 -
344 1459 409 1524 463
432 1480 564 1542 numque
586 1459 675 1524 aliud
695 1461 835 1537 saeclis,
858 1459 948 1523 aliud
968 1461 1141 1542 ropionibus

134 1547 215 1628 spem
227 1568 257 1610 *ε
275 1547 384 1612 caeoldo
401 1551 432 1611 B.
452 1549 543 1614 terris
560 1551 619 1621 OQ.
631 1553 751 1628 porsosi
767 1551 828 1611 Lm.
848 1569 880 1610 re
899 1569 959 1611 non
976 1559 1140 1633 perspecta,

137 1635 262 1700 Tmoeris
285 1642 359 1698 miro
379 1659 481 1700 errore
499 1640 551 1700 Mr.
567 1675 607 1682 —
627 1637 692 1702 467
718 1637 908 1720 Tyndaridis
928 1637 1050 1717 forma
1073 1657 1140 1702 coro-

133 1723 229 1805 flotus
251 1725 372 1789 umores
394 1726 477 1807 ipsis
496 1729 592 1789 Bkm.:
612 1727 882 1808 summorum
901 1727 959 1798 OQ.
975 1726 1096 1807 formos
1111 1776 1139 1789 ..

134 1833 239 1876 ornere
265 1815 331 1876 edd.
358 1834 451 1894 poene
479 1819 587 1895 inepte.
609 1850 653 1859 —
676 1814 740 1878 483
752 1835 794 1896 sq.
823 1815 965 1877 mansit.
990 1863 997 1876 .
1020 1814 1140 1896 subruere

134 1899 212 1964 coeii
230 1949 237 1964 .
255 1948 263 1962 .
283 1899 397 1964 eomer
414 1906 449 1964 ui
466 1922 503 1965 oc
522 1921 613 1966 occec.
649 1904 774 1975 dour:
864 1901 989 1979 coelum,
1080 1903 1139 1966 clu-

134 2009 202 2053 mor
218 1989 246 2052 r't
261 1990 366 2072 Lm.B.,
384 1992 456 2052 salso
476 1993 511 2052 cf.
526 1992 562 2052 VI
577 1989 639 2054 358
651 2011 693 2071 sq.
713 2027 755 2036 -
775 1989 838 2054 511
858 1991 953 2054 duone
967 2038 974 2052 .
989 2038 996 2052 .
1011 2038 1019 2052 .
1036 2011 1141 2055 rorum

135 2079 262 2150 ocur:
285 2077 321 2140 iu
340 2077 423 2142 rebu’
446 2079 508 2140 Lm.
531 2098 637 2142 oerum
658 2080 690 2141 Β.
706 2099 825 2159 purum
848 2099 902 2158 ego
926 2080 997 2140 olim
1019 2084 1139 2161 conieci,

135 2175 254 2247 praeter
267 2170 483 2248 necessitatem,
499 2169 534 2229 cs.
546 2169 699 2230 Stuerenh.
714 2188 741 2249 p.
751 2167 815 2229 427
831 2177 890 2230 noi.
903 2167 952 2230 13.
969 2201 1010 2210 -
1025 2165 1138 2247 512sq.

42 2325 44 2330 ,
133 2254 276 2318 nmtcrc'es
298 2253 401 2335 mdiu,
423 2253 520 2318 solido
543 2274 621 2334 quoe
643 2274 764 2335 corpore
786 2259 909 2337 mustei,
931 2271 994 2318 esse
1016 2257 1141 2316 aeterno

129 2346 235 2424 potest.
269 2361 328 2404 non
350 2352 431 2405 recte
451 2344 520 2406 olim
540 2347 675 2405 concessi
694 2344 933 2425 Stuerenburgio‚
951 2343 968 2403 l.
988 2363 1012 2404 c.
1031 2363 1059 2424 p.
1073 2339 1139 2405 429

133 2433 189 2492 hos
216 2451 319 2493 versus
347 2432 383 2492 cb
410 2433 466 2493 hoc
492 2432 557 2493 loco
585 2432 697 2493 alienos
725 2450 803 2492 esse:
834 2431 913 2492 illius
941 2435 1020 2493 enim
1042 2435 1142 2511 podest

134 2520 207 2581 haec
230 2528 276 2582 est
298 2522 355 2582 vis:
383 2539 449 2581 eam
471 2521 559 2582 habet
581 2528 770 2600 potestatem,
792 2528 826 2581 ut
848 2524 888 2582 sit
909 2567 916 2582 .
936 2569 942 2582 .
963 2541 983 2582 .:
1007 2521 1139 2600 exempla

134 2610 200 2669 eius
226 2627 299 2670 usus
328 2608 384 2669 alio
408 2609 473 2670 loco
497 2611 624 2670 offeram.
644 2644 685 2653 —
705 2606 769 2671 517
792 2627 880 2672 murce
901 2609 983 2688 quod
1004 2611 1049 2671 esi
1068 2627 1138 2688 spo·

134 2694 220 2771 tium,
242 2715 373 2760 uacuum
395 2700 547 2760 consiccet
562 2697 665 2774 icone,
683 2699 857 2760 Winokelm.
876 2698 894 2758 l.
914 2718 938 2758 c.
957 2698 1024 2776 Brg.
1038 2697 1138 2777 philol.

133 2783 197 2844 XIV
210 2781 274 2848 533
290 2803 366 2864 sqq.:
390 2833 396 2845 .
417 2833 423 2846 .
443 2833 450 2846 .
468 2785 550 2864 quod
569 2789 624 2862 ost,
651 2785 787 2864 spodium
812 2805 943 2850 uacuum
966 2793 1020 2846 etc.
1044 2785 1138 2845 Lm.B.

132 2871 186 2932 Mr.
202 2906 243 2915 -
262 2869 326 2935 518
350 2891 458 2953 corpus
480 2873 573 2936 inrui
587 2893 608 2933 s
626 2873 841 2952 ddstc'uciuuost,
868 2873 1016 2954 quoniam
1034 2905 1076 2915 —
1095 2907 1138 2916 -

132 2959 391 3022 Hoerscholmann.
416 2962 529 3024 obseru
547 2963 664 3025 Lucrei.
688 2964 735 3024 alt.
756 2983 784 3044 p.
806 2963 855 3046 78,
879 2965 914 3024 cf.
934 2981 1008 3042 quae
1032 2964 1140 3041 scripsi

133 3067 199 3108 ann.
226 3048 343 3111 Lucret.
368 3048 453 3115 1889
477 3072 504 3132 p.
520 3050 582 3113 231
595 3072 653 3132 sq.‚
684 3051 737 3112 ubi
764 3052 826 3112 dixi
849 3051 993 3112 eiusmodi
1019 3069 1138 3112 versum

132 3137 278 3198 excidisse
301 3138 408 3201 videri:
427 3138 567 3201 ..docui
584 3137 759 3220 (licitumst,
778 3147 807 3200 et
826 3157 948 3217 corpore
967 3141 1039 3200 item
1060 3140 1138 3219 quod

131 3232 248 3286 constat
281 3225 391 3308 inane>
426 3226 638 3289 distiuciumsi.
667 3261 709 3270 -
737 3225 803 3288 520
827 3274 833 3287 .
857 3275 864 3288 .
888 3244 1035 3290 vacuum:
1067 3231 1141 3290 suut

130 3331 212 3393 erpo,
236 3322 369 3393 poteram
393 3319 480 3376 etiam
504 3315 664 3394 discingere
687 3323 720 3376 ut
743 3315 795 3376 Mr.
818 3333 957 3377 uacuum.
979 3319 1062 3377 suut:
1085 3335 1138 3377 om

129 3419 229 3478 cuum,
248 3405 323 3464 suni
334 3402 427 3466 Lm.B.
443 3438 485 3446 —
500 3422 525 3463 v.
539 3400 603 3464 531
620 3397 711 3487 (Lm.)
726 3411 794 3482 post
808 3401 871 3480 537
888 3400 969 3488 (530
982 3398 1063 3484 Brg.)
1079 3403 1138 3462 col-

129 3489 258 3552 locatum
282 3491 398 3552 seclusi.
435 3494 603 3572 respexisse
626 3498 725 3571 potest
746 3499 833 3570 poeto
853 3494 889 3553 ad
909 3511 955 3573 ea,
979 3508 1053 3570 quae
1071 3486 1136 3551 481

129 3575 253 3660 —487,
276 3582 302 3640 si
320 3599 380 3640 non
398 3583 547 3661 exposuit,
570 3586 685 3658 poterut
703 3587 803 3641 tamen
826 3583 998 3661 exposuisse
1021 3577 1078 3638 sibi
1096 3580 1137 3637 vi-
