2496 3876
473 241 755 299 PROLEGOMENA.
1053 240 1118 296 XIX

111 393 202 452 etiam
225 391 338 451 hiatum
360 392 408 450 vix
431 389 489 450 lert
510 391 542 450 in
565 390 663 451 verbis
685 390 828 470 iambicis,
857 390 894 450 de
917 409 1029 468 quare
1052 388 1117 449 vide
1208 435 1211 442 ,

111 498 187 558 quae
218 479 254 538 ad
281 473 406 539 11155
433 477 529 538 dicam
557 485 586 539 et
614 497 687 557 quae
714 481 779 558 ipse
807 478 893 538 docet
919 479 955 538 ad
982 474 1118 538 111941.

110 586 171 628 non
198 569 297 627 minus
325 565 448 626 licenter
475 567 554 626 idem
586 573 681 627 mutat
710 567 782 627 illud
815 564 940 627 anemae
966 562 1119 644 demente,

111 655 192 736 quod
219 660 299 715 extat
325 653 365 714 111
392 649 464 714 374.
516 655 567 715 sed
596 657 627 715 in
657 657 834 715 contrariam
861 671 978 732 quoque
1005 661 1119 732 partem

110 751 229 824 peccat,
259 760 327 804 cum
354 760 456 802 versus
485 742 691 803 immodulatos
720 741 821 822 quales
849 749 917 803 sunt
939 741 978 801 lll
1001 737 1066 803 258
1090 750 1120 802 et

113 831 150 891 Vl
174 827 258 893 1057
290 847 404 890 summo
428 848 567 892 versuum
590 832 702 891 artifice
727 849 787 892 non
809 830 946 909 indignos
969 836 1060 910 putat,
1082 830 1119 889 de

112 937 235 980 caesura
266 920 368 979 nescio
398 936 454 996 qua
482 920 560 979 inter
587 918 711 998 syllabas
739 919 982 997 colliquescentes
1009 918 1120 998 dicens,

112 1025 201 1088 quam
226 1006 336 1067 nullam
354 1024 420 1066 esse
439 1006 525 1067 docet
542 1005 612 1068 Luc.
630 1007 771 1068 Millerus
790 1008 826 1067 de
845 1025 877 1067 re
896 1013 980 1067 metr.
998 1024 1027 1085 p.
1047 1003 1119 1067 196.

201 1094 370 1156 Proximum
405 1101 450 1155 est
479 1102 514 1155 ut
545 1095 709 1177 videamus,
745 1095 816 1174 quid
847 1094 1051 1156 Lachmannus
1083 1094 1120 1153 de

111 1201 275 1244 sermone
293 1183 469 1243 Lucretiauo
489 1186 646 1245 censuerit.
682 1191 766 1244 vocat
782 1185 828 1243 vir
841 1185 1005 1244 acutissimi
1018 1182 1121 1242 iudicii

110 1272 284 1333 Lucretium
308 1273 505 1331 castissimum
523 1271 680 1332 latinitatis
704 1279 866 1351 auctorem,
892 1273 940 1331 cui
962 1273 1121 1330 immanem

112 1360 321 1420 soloecismum
347 1356 549 1437 quadripedes
574 1358 665 1437 quast
688 1357 753 1420 siat
772 1361 912 1420 mactator
933 1357 1121 1437 impudenter

112 1449 328 1526 adscripserint
360 1449 551 1528 interpretes,
582 1447 618 1507 ad
646 1447 664 1509 l.
691 1447 728 1507 Vl
756 1443 832 1508 757:
864 1448 928 1524 ipse
957 1445 1060 1506 scribit
1086 1443 1123 1524 fit

111 1532 266 1615 mactetu',
281 1534 358 1614 quod
382 1553 486 1595 vereor
507 1542 540 1595 ut
563 1534 694 1596 latinumx
707 1537 753 1596 sit.
799 1535 886 1614 idem,
909 1552 945 1595 ne
969 1533 1005 1594 ao
1028 1529 1122 1595 nubes

113 1657 158 1668 -
179 1621 280 1685 denne
302 1621 339 1702 fit
358 1618 489 1684 nubibus
508 1657 550 1666 —
568 1625 732 1702 respiciens
750 1631 837 1703 poeta
855 1618 920 1683 luto
938 1630 968 1683 et
985 1624 1122 1684 embado

113 1714 281 1792 scripserit,
309 1711 441 1771 eiusdem
468 1709 538 1771 libri
564 1729 607 1772 vv.
632 1707 696 1774 185
719 1729 761 1790 sq.
787 1710 922 1771 versibus
947 1708 1120 1774 189-193

112 1801 299 1879 interpositis
314 1817 329 1858 a
344 1817 369 1858 r.
386 1796 448 1860 187
464 1806 592 1877 separat:
611 1801 642 1859 in
657 1799 764 1878 quibus
778 1799 989 1860 mutationibus
1003 1807 1122 1878 praeter

112 1889 307 1967 Beruaysium
337 1904 424 1947 nemo
456 1905 524 1947 eum
548 1894 666 1948 secutus
690 1895 743 1948 est.
790 1887 859 1966 quid
883 1884 983 1948 enim?
1023 1905 1121 1947 nonne

112 1976 301 2037 Lachmanno
318 1973 537 2036 Lachmannum
560 1993 717 2054 possumus
736 1993 894 2056 opponere,
916 1977 1026 2054 quippe
1045 1975 1122 2055 apud

113 2082 203 2144 quem
239 2064 312 2123 baec
348 2065 457 2141 scripta
492 2070 591 2123 extent
621 2064 753 2124 eiusdem
784 2063 854 2124 libri
885 2082 928 2124 vv.
961 2059 1027 2124 214
1058 2082 1121 2142 sqq.

111 2149 231 2214 nubilo
254 2147 345 2212 coeli·
368 2151 397 2212 et
417 2167 486 2212 eura
507 2152 613 2212 uentus
635 2168 703 2215 eas
726 2198 769 2232 ..,
793 2151 845 2212 ubi
867 2151 1011 2212 librorum
1034 2151 1122 2210 fidam

114 2247 235 2300 secutus
258 2239 288 2299 id
309 2239 424 2318 retinet,
449 2238 525 2316 quod
546 2241 694 2300 inmanem
718 2239 925 2300 soloecismum
948 2239 1047 2299 dicere
1072 2239 1121 2298 de-

112 2327 211 2407 bebat,
230 2329 256 2386 si
275 2325 332 2386 sibi
350 2333 485 2387 constare
499 2326 599 2387 vellet:
622 2327 659 2387 ad
679 2327 757 2387 idem
776 2345 868 2404 genus
886 2327 1025 2406 pertinet,
1043 2327 1121 2404 quod

112 2411 234 2477 111456
258 2432 295 2476 eu
317 2414 353 2474 ad
374 2411 469 2476 nubes
487 2414 671 2493 —pluralis
693 2433 836 2475 numerus
861 2421 906 2475 est
923 2448 967 2458 -
985 2415 1122 2496 retertur,

113 2504 150 2566 cf.
180 2504 256 2563 inira
283 2521 357 2583 quae
387 2502 520 2563 scribam.
570 2502 652 2563 rides
680 2504 770 2581 igitur
798 2509 935 2582 quattuor
956 2503 1043 2584 locis,
1070 2504 1122 2564 ubi

113 2592 218 2654 eadem
241 2609 289 2651 res
313 2597 343 2652 et
364 2593 498 2652 neutrius
523 2598 552 2652 et
574 2592 709 2652 feminini
729 2593 847 2670 generis
865 2591 1006 2652 vocabulo
1025 2591 1122 2671 appel-

113 2681 171 2740 lari
196 2681 304 2758 possit,
331 2677 501 2739 Lucretium
527 2682 559 2739 in
586 2698 661 2740 novo
692 2682 841 2740 enuntiato
868 2682 963 2759 priori
990 2680 1121 2741 subiecto

113 2768 151 2828 ad
179 2785 243 2827 eam
275 2784 339 2826 rem
371 2768 578 2845 respicientem
609 2775 714 2828 neutro
746 2770 803 2849 uti,
834 2767 886 2827 ubi
918 2771 1122 2845 grammaticae

113 2856 162 2915 lex
185 2855 373 2935 femininum,
396 2856 552 2936 feminino,
576 2855 629 2916 ubi
651 2863 790 2917 neutrum
812 2855 985 2935 postulabat.
1035 2854 1121 2933 paulo

114 2943 202 3005 aliter
225 2961 255 3003 se
279 2960 329 3003 res
350 2942 446 3023 habet,
470 2943 564 3003 sicubi
586 2942 633 3005 rea'
655 2943 795 3004 vocabulo
817 2961 890 3004 usus
913 2946 954 3003 ita
976 2944 1072 3021 pergit
1090 2950 1123 3003 ut

113 3038 221 3093 neutro
244 3029 366 3110 pluralis
389 3033 506 3091 numeri
528 3038 641 3092 utatur:
664 3039 698 3092 ut
721 3039 766 3092 est
788 3029 862 3092 150
883 3048 925 3110 sq.
948 3047 997 3092 res
1015 3030 1122 3111 omnis,

190 3117 295 3181 eadem
318 3126 348 3179 ct
369 3119 406 3178 lV
420 3116 493 3180 -344
516 3137 568 3199 sq,
591 3119 669 3199 quor]
692 3119 784 3180 multo
808 3119 911 3180 durius
935 3126 981 3179 est
1002 3128 1123 3199 propter

114 3207 349 3288 ambiguitatem,
379 3225 484 3270 rerum
509 3204 678 3270 simulacro
701 3256 765 3289 ‚..,
795 3225 873 3287 quac
900 3205 962 3268 sito
990 3211 1064 3269 sunt
1088 3207 1124 3269 in

113 3293 191 3372 luce,
225 3314 292 3356 nam
324 3314 424 3357 rerum
456 3295 611 3356 simulacra
638 3299 757 3357 omnino
786 3299 843 3357 sita
870 3313 929 3356 non
957 3304 1038 3376 sunt,
1053 3367 1057 3376 ι
1071 3296 1123 3356 sed

114 3386 251 3446 feruntur
282 3383 450 3447 incredibili
481 3382 638 3446 celeritate.
694 3403 763 3463 ergo
795 3385 866 3446 illud
899 3401 977 3463 quoe
1007 3384 1042 3444 ad
1075 3400 1124 3444 res

112 3472 304 3534 referendum
328 3479 381 3532 est.
427 3489 547 3532 monere
569 3480 668 3533 tamen
690 3474 790 3555 velim,
816 3473 873 3533 hoc
895 3474 993 3533 minus
1017 3473 1123 3532 durum

113 3562 182 3622 lieri
208 3563 392 3640 pronominis
415 3559 530 3621 relativi
553 3568 669 3643 natura,
697 3580 770 3640 quae
794 3580 853 3623 non
875 3579 998 3640 prorsus
1022 3559 1123 3619 eadem

871 3659 911 3713 b*
