2512 3874
618 213 645 269 V
1069 215 1131 278 147

200 368 366 442 quantaque
389 368 526 441 quantast
547 362 617 421 hinc
639 359 724 421 nobis
747 362 880 422 videatur
902 364 934 423 in
957 361 1023 424 alto.

199 457 350 530 postremo
375 467 577 528 quoscumque
600 448 682 510 rides
704 450 775 512 hinc
798 451 927 511 aetheris
950 452 1048 531 ignes,
1093 472 1133 514 555

127 555 181 605 505
201 538 440 618 quandoquidem
468 555 671 618 quoscumque
700 540 843 599 interris
867 541 1016 600 cernimus
1039 541 1133 620 ignes,

128 635 184 687 586
201 628 272 688 dum
293 633 406 687 tremor
429 627 474 688 055
495 626 605 707 clarus,
629 626 699 686 dum
722 629 854 687 cernitur
877 627 964 687 ardor
987 645 1104 708 eorum,

199 733 376 795 perparvom
398 715 538 793 quiddam
560 713 709 774 interdum
731 721 846 774 mutare
868 714 1005 776 videntur

201 803 322 864 alteram
344 810 442 863 utram
465 804 496 862 in
519 809 634 881 partem
656 801 751 883 filum,
776 820 833 881 quo
856 802 971 881 longius
995 803 1115 884 absunt,

201 894 278 952 scire
301 891 371 950 licet
393 907 536 969 perquam
558 891 685 970 pauxillo
708 907 797 969 posse
820 893 950 952 minores
1092 912 1133 953 595

128 996 181 1046 580
200 997 266 1040 0550
288 978 336 1038 501
359 980 463 1057 exigua
482 980 603 1038 maioris
625 985 708 1057 parte
730 977 880 1057 brevique.
1093 999 1133 1041 595

129 1075 183 1126 591
243 1066 318 1127 lllud
342 1069 413 1126 item
435 1084 496 1127 non
519 1072 564 1126 est
586 1066 766 1147 mirandum,
790 1085 847 1145 qua
869 1068 982 1127 ratione
1092 1088 1133 1130 590

200 1155 331 1216 tantulus
354 1153 403 1214 ille
427 1160 515 1233 queat
536 1160 652 1214 tantum
675 1154 719 1215 sol
741 1156 859 1215 mittere
882 1155 994 1236 lumen,

201 1243 280 1323 quod
302 1244 395 1303 maria
418 1261 452 1302 50
474 1248 570 1303 505555
594 1245 689 1302 omnis
712 1242 883 1322 caelumque
906 1243 1028 1322 rigando

201 1330 347 1409 compleat
369 1336 399 1390 05
422 1329 516 1390 calido
539 1330 698 1409 perfundat
720 1338 825 1392 cuncta
848 1349 964 1411 vapore.
1089 1352 1130 1396 509

128 1437 181 1486 585
200 1437 268 1481 nam
291 1419 361 1479 licet
383 1418 453 1478 hinc
474 1418 578 1478 mundi
599 1418 778 1497 patefactum
800 1421 891 1480 totius
913 1437 1006 1480 unum
1090 1442 1131 1483 595

128 1517 184 1570 596
198 1507 366 1587 largifluum
389 1505 500 1567 iontem
524 1512 636 1566 scatere
660 1513 748 1584 atque
772 1524 927 1586 erumpere
950 1507 1064 1588 lumen,

200 1616 237 1658 ex
261 1597 341 1655 omni
363 1595 472 1654 mundo
495 1597 564 1673 quia
587 1596 630 1654 550
654 1593 798 1654 elementa
820 1597 937 1673 vaporis

199 1684 331 1762 undique
354 1684 532 1742 conveniunt
554 1688 584 1741 et
607 1683 650 1741 sic
672 1683 824 1743 coniectus
847 1700 950 1743 eorum
1090 1704 1130 1746 000

200 1772 335 1851 confluit,
357 1788 394 1829 ex
417 1787 476 1830 uno
500 1771 594 1848 capite
617 1770 665 1830 hic
688 1777 722 1830 ut
742 1770 871 1849 prossuat
892 1771 987 1832 ardor.

128 1878 182 1928 590
199 1877 297 1921 nonne
320 1858 403 1917 vides
426 1859 515 1917 etiam
538 1875 626 1936 quam
647 1858 704 1919 late
728 1876 835 1937 parvus
858 1861 945 1936 aquai

128 1957 182 2009 601
196 1954 280 2028 prata
301 1947 378 2024 riget
400 1944 466 2005 fons
489 1945 639 2005 interdum
661 1948 830 2024 campisque
854 1943 1019 2007 redundet?

201 2043 247 2098 est
269 2036 357 2094 etiam
380 2050 497 2111 quoque
520 2035 565 2093 uti
587 2050 647 2093 non
668 2051 774 2110 magno
798 2031 869 2092 solis
892 2033 927 2093 ab
950 2036 1013 2112 igni

200 2129 268 2185 aera
289 2123 435 2200 percipiat
456 2119 559 2180 calidis
581 2119 746 2179 fervoribus
769 2119 869 2200 ardor,
1091 2143 1129 2186 ⁶05

201 2217 384 2290 opportunus
406 2210 476 2268 itast
499 2210 525 2268 si
547 2208 622 2267 forte
645 2214 676 2267 et
697 2206 822 2267 idoneus
845 2213 908 2288 555,

130 2317 181 2367 595
200 2307 234 2360 ut
257 2304 345 2377 queat
368 2296 489 2357 accendi
510 2297 608 2375 parvis
632 2294 786 2355 ardoribus
808 2297 899 2375 ictus3

129 2395 187 2446 666
200 2387 279 2467 quod
301 2403 394 2465 genus
417 2383 567 2444 interdum
590 2389 704 2461 segetes
726 2382 923 2461 stipulamque
946 2383 1079 2444 videmus

201 2475 335 2537 accidere
358 2491 394 2533 er
416 2491 475 2533 55555
498 2469 624 2532 scintilla
646 2471 781 2531 incendia
803 2473 922 2550 passim.

201 2565 326 2625 forsitan
348 2567 377 2622 et
399 2577 484 2620 rosea
508 2559 552 2620 sol
574 2559 631 2620 alte
653 2558 786 2637 lampade
809 2558 912 2620 lucens
1092 2582 1131 2622 mo

200 2651 350 2733 possideat
372 2648 497 2709 multum
520 2650 615 2708 caecis
638 2645 802 2707 fervoribus
825 2650 924 2726 ignem

129 2759 182 2808 600
200 2743 313 2801 circum
336 2756 381 2818 se,
403 2735 484 2797 nullo
508 2738 559 2815 qui
582 2738 621 2796 sit
643 2734 756 2813 fulgore
779 2742 910 2816 notatus,

129 2837 183 2888 611
201 2829 320 2889 aestifer
342 2833 376 2886 ut
398 2831 512 2885 tantum
534 2824 686 2883 radiorum
708 2831 850 2902 exaugeat
871 2827 971 2884 ictum.

244 2915 306 2976 Nec
328 2915 403 2974 ratio
428 2911 499 2972 solis
522 2910 647 2990 simplex
670 2917 700 2970 et
722 2918 802 2971 certa
824 2913 962 2991 patescit,

200 3022 258 3083 quo
281 3008 365 3082 pacto
389 3001 507 3060 aestivis
530 3017 546 3058 e
568 2998 703 3078 partibus
727 3001 907 3077 aegocerotis
1091 3019 1130 3061 au

200 3089 342 3152 brumalis
365 3089 449 3149 adeat
472 3088 565 3147 flexus
588 3093 676 3165 atque
698 3087 768 3146 inde
791 3093 943 3146 revertens

128 3198 180 3250 505
200 3181 300 3241 cancri
323 3195 354 3238 se
377 3183 410 3236 ut
432 3181 526 3235 505555
544 3180 637 3234 metas
660 3174 696 3234 ad
713 3173 896 3254 'solstitialis

128 3278 184 3329 616
197 3267 324 3346 lunaque
347 3263 500 3324 mensibus
522 3261 553 3322 id
576 3264 702 3340 spatium
724 3260 858 3323 rideatur
880 3260 975 3341 obire,

199 3374 295 3418 annua
318 3352 394 3414 501
385 3371 417 3412 m
440 3369 498 3430 quo
521 3352 669 3411 consumit
690 3356 823 3429 tempora
846 3367 943 3410 cursu.

198 3463 271 3525 non,
294 3445 427 3521 inquam,
451 3438 575 3518 simplex
597 3438 645 3499 his
667 3436 757 3499 rebus
779 3437 894 3499 reddita
917 3443 1040 3497 causast
1089 3457 1129 3498 990

511 3523 660 3605 [596]=
619 3522 748 3588 -.583

862 3624 915 3678 10*
