2496 3876
500 226 779 284 PROLEGOMENA.
1108 228 1144 281 LI

132 391 163 452 p.
184 371 335 431 XXIV-
354 372 403 432 hic
422 391 493 433 casu
515 381 616 434 natum
641 393 706 434 esse
730 375 889 435 verisimile
912 393 971 435 non
995 382 1047 436 est.
1088 375 1143 435 hac

133 477 209 520 voce
241 467 328 539 poeta
359 463 401 520 lta
432 460 548 522 videtur
579 481 651 523 usus
684 481 763 543 esse,
798 470 832 523 ut
864 465 903 523 sit
934 481 987 542 pro
1020 481 1143 541 praepo-

135 551 255 629 sitione,
278 566 340 608 non
362 549 501 609 audacius
524 549 573 610 ille
597 550 716 628 quidem
735 569 822 630 quam
846 553 897 629 qui
919 553 1032 629 primus
1056 551 1142 610 dixit:

134 635 331 697 exadversum
354 636 476 715 aliquid:
498 635 706 716 6666666666
727 655 811 700 secus
833 639 895 699 Lm.
913 638 994 700 ieter
1014 641 1144 717 diraque

133 725 219 785 secut
242 723 273 784 B.
296 722 377 786 ieter
395 727 536 804 uirosque
557 724 649 788 sitast
668 726 720 786 Mr.
744 760 786 770 -
810 724 873 787 309
896 729 1028 788 naturae
1045 725 1143 787 euius-

134 829 195 890 que
208 810 312 873 enimi
324 811 453 892 oestipia
459 813 576 892 primo.
600 815 712 876 Susem.
723 814 822 893 philol.
837 814 939 874 XXVII
953 812 996 875 34
1009 812 1142 876 enneae.

136 903 249 960 rectius
268 903 309 960 ita
327 903 496 980 scripsisset
511 902 675 982 LucretIus‚
694 903 744 963 sed
765 903 900 963 facillime
919 905 1015 982 potuit
1033 920 1151 982 errare,⁴

136 988 203 1048 vide
228 985 291 1066 ‘Ep
314 987 410 1048 Lehre
432 1009 457 1049 v.
480 990 507 1049 d.
527 985 623 1050 Seele’
645 1009 673 1070 p.
694 987 851 1051 14.-321
877 987 1020 1069 depellere
1042 988 1143 1052 doctis

135 1075 236 1136 Lamb.
255 1075 351 1138 66663
365 1075 423 1148 ΟΟ.
442 1075 529 1139 nobis
542 1077 603 1139 Lm.
617 1078 649 1138 B.
664 1078 716 1140 llIr.
735 1112 777 1123 -
808 1076 820 1161 ΙΙ
837 1077 1011 1141 aar-349
1026 1072 1051 1162 ll3
1074 1096 1142 1138 nam

134 1183 276 1225 versuum
304 1161 477 1228 350-358
507 1173 711 1244 argumentum
739 1169 885 1227 artissime
914 1167 1051 1227 cohaeret
1074 1185 1151 1226 cum-

136 1270 181 1333 co,
205 1251 283 1331 quod
303 1272 347 1313 vv.
367 1250 541 1315 323-336
560 1257 724 1332 exponitur.
765 1255 800 1315 ah
819 1256 875 1316 hoe
894 1273 963 1314 vero
981 1273 1041 1316 non
1060 1273 1142 1333 sepa·

135 1340 228 1401 randa
248 1348 324 1420 sunt,
344 1359 417 1419 quae
435 1361 479 1402 vv.
496 1339 670 1404 359-369
690 1343 845 1424 docentur3
865 1342 971 1421 quibus
991 1344 1141 1420 aptissime

135 1447 180 1488 vv.
205 1425 379 1491 aro-395
401 1429 594 1490 subiciuntur.
632 1429 835 1490 Lachmannus
859 1432 914 1490 sic:
943 1425 1116 1491 337-349
1133 1424 1142 1512 ll

137 1511 353 1600 361-35916
386 1517 506 1578 seclusit
533 1521 637 1600 igitur,
665 1535 737 1597 quac
762 1516 938 1578 secludenda
967 1524 1142 1596 nouerant,

136 1624 196 1665 non
226 1604 359 1686 seclusIt,
396 1624 469 1684 quae
498 1605 606 1666 debuit.
639 1639 682 1648 —
714 1602 777 1667 353
805 1602 851 1667 vel
865 1609 866 1613 ’
881 1603 1063 1685 manifestus
1093 1621 1142 1666 res

137 1695 243 1754 66666
265 1709 427 1771 verasque
447 1696 610 1772 repererint:
633 1713 670 1755 ne
694 1697 760 1772 quis
784 1713 851 1755 cum
867 1694 995 1754 Luciano
1018 1693 1141 1753 Mrillero

137 1781 237 1860 philol.
250 1780 301 1840 XV
315 1778 378 1844 158
396 1799 485 1843 verns
503 1785 533 1841 in
552 1778 654 1842 eleros
671 1790 785 1843 mutare
803 1782 881 1863 velit,
900 1783 936 1843 cl.
954 1782 980 1842 II
998 1778 1072 1862 245,
1089 1781 1142 1842 ubi

136 1885 186 1930 res
212 1886 285 1930 vera
313 1888 346 1930 ea
369 1869 490 1950 dicitur,
517 1888 590 1948 quae
619 1869 654 1930 in
675 1872 822 1948 promptu
848 1868 1071 1949 manifesteque
1094 1871 1141 1949 sit,

137 1957 173 2017 IV
197 1953 274 2038 214,
306 1956 358 2016 ubi
385 1964 431 2017 est
461 1955 611 2035 specimen
640 1976 757 2033 omum,
791 1958 827 2017 IV
853 1955 932 2039 464,
964 1958 1015 2018 ubi
1042 1958 1078 2018 de
1106 1976 1154 2017 eo

138 2046 222 2126 dicit,
253 2046 357 2124 sponte
382 2061 441 2106 sno
467 2044 548 2106 ceris
574 2045 655 2124 qnod
673 2044 775 2124 possit
799 2044 916 2107 vincere
940 2042 1034 2124 feisa.
1073 2052 1142 2120 sunt

138 2133 261 2212 Epicuri
278 2129 484 2214 ἐναργήματα
503 2136 563 2193 sive
583 2130 717 2214 ἐναργῆ,
736 2135 771 2194 cf.
789 2134 858 2194 diss.
874 2133 963 2194 schol.
977 2132 1039 2192 Hal.
1056 2129 1141 2193 1882

138 2241 166 2300 p.
182 2218 225 2282 10
243 2229 272 2281 et
290 2221 377 2281 libell.
397 2221 467 2281 ibid.
486 2221 598 2282 editum
620 2220 702 2282 1893
721 2241 749 2300 p.
767 2219 815 2282 16.
849 2220 952 2280 eodem
969 2220 1034 2280 Ioco
1054 2219 1142 2278 docui

138 2329 163 2369 v.
178 2306 244 2370 354
261 2308 450 2370 scribendum
473 2328 539 2370 esse
557 2307 633 2386 qnid
649 2307 691 2370 sii
707 2307 789 2370 enim
807 2325 915 2386 corpus
932 2305 1043 2368 sentire
1060 2304 1142 2384 quid

139 2395 267 2476 adferet,
294 2396 346 2457 uhi
367 2395 437 2475 quis
465 2394 582 2475 adferet
607 2404 653 2457 est
679 2399 710 2456 in
738 2395 796 2466 00.
820 2403 849 2456 et
871 2398 902 2455 in
925 2394 1075 2456 editionib.
1099 2427 1141 2437 —

140 2482 202 2546 357
222 2503 239 2541 r
258 2481 322 2547 368
339 2482 494 2563 multoque
508 2531 515 2544 .
531 2531 559 2545 ..
584 2501 708 2564 quam
719 2481 849 2562 pellitur
866 2486 937 2545 ente
954 2484 1020 2544 Mn:
1036 2481 1142 2562 perdi

140 2575 203 2634 666
221 2568 380 2650 adpellitur
397 2590 469 2634 oeoo
486 2591 580 2651 quum
594 2572 651 2643 00.
670 2569 815 2651 nulleque
829 2620 835 2632 .
851 2620 858 2632 .
876 2589 966 2651 quom
984 2568 1143 2650 eepeilitnr

140 2678 211 2722 aeuo
225 2660 286 2720 Lm.
303 2657 502 2739 [multaque.
521 2679 590 2723 666
605 2659 764 2740 66666666
777 2661 862 2738 nevo]
877 2661 909 2721 Β.
920 2695 962 2704 -
973 2658 1036 2723 361
1047 2658 1143 2738 diffl-

140 2749 236 2811 celest
248 2747 300 2808 llIr.
316 2745 359 2808 ‘es
373 2749 442 2826 geht
455 2749 591 2829 michtam,
606 2750 672 2809 dass
680 2747 767 2809 man'.
791 2747 953 2827 6636666636
965 2748 1023 2819 00.
1038 2748 1099 2808 Lm.
1110 2748 1141 2806 B.

140 2871 181 2880 —
201 2834 265 2898 362
283 2852 390 2898 sensus
407 2835 487 2898 ories
509 2835 643 2898 detrudit
663 2836 705 2898 ad
720 2835 806 2915 ipses
824 2857 841 2896 6
861 2837 922 2914 [res
1026 2835 1061 2914 .]:
1079 2835 1141 2894 Lm.

141 2923 203 2986 363
279 2922 456 3002 omnemne:
479 2923 543 2987 362
561 2941 668 2987 seriens
685 2923 768 2986 enim
847 2924 890 2986 ed
907 2924 992 3003 ipsas
1014 2920 1079 2984 364
1097 2919 1143 2983 lu

140 3011 239 3086 mine,
262 3008 429 3072 lmninibus
450 3011 526 3090 quio
547 3011 634 3076 uobis
650 3011 906 3092 praepediuntur:
935 3029 1061 3090 qnorum
1078 3030 1143 3071 ver-

140 3100 244 3160 borum
268 3099 492 3178 explicationem
515 3109 594 3162 recte
613 3102 716 3162 Munro
740 3102 813 3162 dicit
832 3100 990 3161 absurdam
1013 3092 1044 3182 (a
1067 3108 1144 3160 most

140 3187 296 3248 uunatural
315 3182 522 3271 explanation).
559 3189 665 3250 melius
684 3197 764 3250 certe
783 3189 823 3269 B.,
846 3195 879 3248 ut
897 3190 929 3248 in
946 3206 978 3247 re
999 3205 1059 3248 non
1077 3206 1144 3267 per-

141 3283 247 3358 specta,
261 3276 297 3336 ad
312 3275 427 3336 obelum
440 3277 577 3356 confugit.
596 3279 651 3338 alia
662 3296 753 3356 aeque
769 3277 840 3336 lalsa
857 3276 892 3336 cl.
903 3295 946 3355 ap.
956 3275 1026 3336 Poll.
1037 3276 1054 3335 l.
1065 3294 1090 3335 c.
1101 3307 1143 3317 —

141 3361 203 3426 365
225 3380 293 3443 qua
315 3362 466 3426 cernimus
485 3367 544 3444 ipsi
562 3364 619 3436 00.
643 3364 718 3444 quic
731 3365 792 3424 Lm.
811 3365 842 3424 B.
861 3365 914 3425 Mr.
929 3399 971 3407 —
991 3360 1056 3425 374
1074 3361 1144 3422 oni·

140 3470 205 3515 mac
228 3450 372 3516 elemento
393 3451 518 3514 minora
540 3453 598 3525 00.
617 3454 669 3514 lllr.
693 3450 846 3515 elemento
872 3452 995 3514 minore
1022 3447 1144 3512 animai

139 3541 198 3605 Lm.
218 3541 249 3604 B.
274 3577 315 3586 -
339 3541 403 3604 378
424 3539 547 3621 primu
568 3541 626 3613 00.
645 3543 697 3603 ΜΓ.
723 3539 820 3619 prinu
842 3541 935 3602 Bentl.
958 3540 1020 3599 Lm.
1038 3536 1080 3618 B.‚
1108 3537 1143 3596 cl.

896 3639 934 3692 dt
