2500 3882
143 244 185 308 92
627 241 666 295 ῙΠ

230 388 375 468 numquid
398 387 440 448 ibi
461 387 604 448 horribile
627 394 762 468 apparet,
784 405 856 448 num
877 389 963 448 triste
987 387 1102 448 videtur

159 493 214 545 975
231 480 402 557 quicquam,
425 492 484 535 non
508 479 588 536 omni
611 494 715 536 somno
738 477 873 535 securius
897 471 1014 536 exstat?

161 580 213 632 070
275 565 369 644 Atque
384 583 427 644 ea,
444 565 594 644 nimirum,
607 581 810 643 quaecumque
824 562 991 624 Acherunte
1005 563 1148 642 proiundo

231 653 347 733 prodita
371 657 440 712 sunt
462 669 543 731 esse,
566 654 597 712 in
619 653 678 712 vita
701 658 771 711 sunt
793 653 892 710 omnia
914 651 1009 711 nobis.

231 759 287 801 nec
309 741 402 800 miser
423 739 588 819 inpendens
610 756 749 817 magnum
771 741 856 798 timet
879 743 947 799 aere
970 757 1075 800 saxum
1112 762 1150 801 seo

232 827 384 908 Tantalus,
406 835 440 888 ut
462 828 579 908 iamast,
602 845 685 887 cassa
708 826 865 887 formidine
887 833 1022 905 torpens:

162 931 217 984 980
234 916 286 976 scd
307 917 403 994 magis
425 917 456 976 in
479 917 537 975 vita
561 915 658 975 divom
681 922 778 975 metus
799 921 887 992 urget
908 917 1006 975 inanis

162 1020 215 1072 000
233 1002 380 1084 mortalis,
402 1021 562 1081 casumque
585 1005 692 1063 timent
714 1020 803 1080 quem
826 1003 933 1081 cuique
957 1002 1032 1062 ierat
1055 1004 1124 1065 iors.

232 1109 288 1151 nec
310 1091 416 1170 Tityon
438 1089 573 1151 volucres
596 1092 700 1150 ineunt
722 1089 889 1150 Acherunte
912 1093 1071 1172 iacentem,

233 1197 289 1238 nec
312 1179 390 1257 quod
414 1178 468 1239 sub
489 1195 596 1256 magno
614 1183 784 1240 scrutentur
801 1183 922 1256 pectore
941 1180 1100 1257 quicquam
1113 1199 1149 1240 seo

232 1273 406 1346 perpetuam
428 1274 553 1327 aetatem
575 1272 700 1345 possunt
723 1268 855 1344 reperire
878 1265 1019 1344 profecto.

162 1370 219 1422 985
233 1354 394 1432 quamlibet
416 1357 537 1415 immani
559 1356 694 1433 proiectu
717 1355 850 1432 corporis
874 1361 981 1434 exstet,

164 1457 214 1508 985
234 1444 286 1521 qui
308 1461 368 1503 non
392 1441 453 1502 sola
475 1460 581 1502 novem
604 1442 747 1520 dispessis
770 1442 873 1518 iugera
895 1442 1038 1503 membris

234 1532 377 1610 optineat,
400 1529 453 1590 sed
476 1532 528 1609 qui
551 1532 642 1590 terrai
664 1531 756 1589 totius
779 1528 894 1610 orbem,

233 1635 293 1678 non
315 1625 414 1677 tamen
436 1624 589 1677 aeternum
611 1619 721 1696 poterit
742 1616 876 1694 pericrrc
898 1616 1031 1678 dolorem
1114 1639 1151 1680 eoo

233 1723 289 1765 nec
311 1704 453 1783 praebere
476 1704 575 1765 cibum
598 1707 719 1783 proprio
744 1704 780 1764 de
804 1723 928 1783 corpore
951 1723 1078 1784 semper.

163 1809 219 1860 990
238 1792 290 1853 sed
313 1792 413 1871 Tityos
436 1792 522 1852 nobis
544 1792 594 1851 bic
616 1799 675 1872 est,
698 1795 730 1852 in
753 1810 852 1852 amore
875 1795 1020 1852 iacentem

164 1897 216 1947 990
235 1898 325 1958 quem
347 1879 481 1940 volucres
504 1879 633 1940 lacerant
660 1927 1092 1942 .........

123 2030 126 2038 ,
235 2013 611 2032 ........
658 1974 745 2046 atque
768 1974 852 2028 exest
875 1970 978 2028 anxius
1002 1987 1096 2047 angor

235 2064 285 2116 aut
308 2055 381 2115 aliae
405 2057 511 2134 quoius
535 2055 675 2116 scindunt
697 2055 863 2134 cuppedini'
886 2073 983 2116 curae.

236 2143 378 2223 Sisyphus
401 2145 433 2203 in
455 2146 515 2204 rita
538 2162 657 2222 quoepae
678 2143 764 2203 nobis
787 2150 855 2204 ante
878 2144 979 2204 oculos
1002 2152 1061 2226 est,
1116 2167 1152 2208 sss

236 2235 288 2312 qui
309 2238 411 2311 petere
434 2250 451 2291 a
473 2231 581 2310 populo
605 2232 701 2292 fasces
725 2249 884 2309 saevasque
908 2249 1029 2293 secures

165 2337 217 2387 990
235 2319 366 2400 imbibit,
390 2326 421 2378 et
443 2337 560 2398 semper
583 2321 677 2379 victus
699 2321 854 2398 tristisque
876 2320 997 2381 recedit.

234 2426 302 2468 nam
315 2415 417 2486 petere
431 2409 599 2487 imperium,
613 2406 691 2485 quod
705 2409 822 2467 inanest
835 2425 891 2468 nec
905 2407 992 2469 datur
1005 2427 1153 2490 umquam,

234 2502 322 2573 atque
345 2498 377 2555 in
401 2513 435 2555 eo
460 2513 578 2574 semper
600 2495 707 2555 durum
731 2495 855 2555 sufferre
877 2494 1022 2578 laborem,

235 2583 292 2642 hoc
316 2590 361 2642 est
383 2582 505 2642 adverso
528 2584 679 2643 nixantem
700 2582 821 2642 trudere
841 2590 941 2643 monte
1103 2609 1154 2649 rooo

151 2741 152 2746 γ
236 2687 351 2750 saxum,
374 2670 453 2748 quod
475 2677 575 2730 tamen
598 2687 614 2731 e
636 2688 751 2730 summo
775 2673 833 2730 iam
856 2673 965 2732 vertice
989 2691 1094 2734 rusum

136 2751 217 2830 ,1000
235 2756 361 2818 volvitur
383 2764 413 2817 ct
434 2757 515 2836 plani
537 2760 645 2837 raptim
667 2760 743 2836 petit
766 2776 893 2836 aequora
916 2763 1022 2839 campi.

235 2844 341 2906 deinde
365 2847 456 2905 animi
478 2848 623 2923 ingratam
646 2853 780 2906 naturam
802 2865 924 2925 pascere
949 2866 1080 2930 semper,

236 2940 323 3012 atque
346 2931 466 3010 explere
489 2931 575 2993 bonis
598 2932 688 2993 rebus
712 2935 877 3012 satiareque
900 2953 1076 3018 numquam,

235 3021 314 3101 quod
337 3021 449 3081 iaciunt
472 3019 558 3080 nobis
581 3039 725 3082 annornm
747 3027 893 3103 tempora,
916 3025 1029 3084 circum
1103 3049 1153 3089 00

235 3127 303 3169 cum
326 3108 452 3170 redeunt
474 3108 611 3187 ictusque
635 3110 734 3169 ferunt
755 3112 911 3188 variosque
935 3111 1066 3194 lepores,

149 3212 216 3263 1005
235 3215 290 3257 nec
312 3204 412 3258 tamen
434 3196 588 3275 explemur
610 3199 681 3257 vitai
703 3196 848 3258 fructibus
871 3216 1025 3280 umquam,

235 3284 305 3364 boc,
327 3292 361 3345 ut
383 3287 502 3365 opinor,
525 3284 555 3344 id
578 3291 637 3364 est,
660 3303 730 3345 aevo
754 3285 878 3346 florente
900 3287 1014 3365 puellas

237 3371 315 3449 quod
343 3380 509 3433 memorant
537 3372 654 3432 laticem
679 3380 833 3452 pertusum
856 3392 1017 3453 congerere
1039 3379 1072 3436 in
1094 3396 1153 3457 ves,

236 3456 315 3536 quod
337 3465 436 3519 tamen
460 3460 575 3539 expleri
596 3459 676 3520 nulla
699 3463 812 3521 ratione
835 3469 977 3540 potestur.
1106 3489 1154 3530 reio

237 3543 385 3606 Cerberus
408 3554 438 3606 et
461 3547 568 3608 Furiae
592 3550 651 3608 iam
672 3565 754 3628 vcro,
778 3555 807 3608 et
829 3548 905 3610 lucis
928 3557 1044 3628 egestas
