2496 3876
140 220 227 274 xcvi
503 213 791 296 enocnconnm.

136 364 312 446 primordio
343 380 459 426 rerum
490 361 549 433 OQ.
580 378 690 424 comm
708 362 778 422 Lm.
805 362 836 422 Β.
866 358 1077 440 opponens.
1103 371 1167 430 *⁴

142 452 206 517 716
224 452 304 534 inde,
321 452 420 532 philol.
439 450 515 511 XXV
528 449 645 512 ceste.
656 454 690 512 te,
701 450 758 521 00:
777 448 861 529 intus
873 449 936 510 Lm.
954 447 995 524 iov
1007 466 1039 511 se
1057 449 1088 509 B.
1104 483 1168 516 -,

143 541 210 605 748
223 538 323 617 hisce,
347 536 549 619 quod'ht'sqttc
567 542 686 618 scripsit
703 538 796 600 Ro'os.
809 541 839 598 in
858 537 1096 598 annotationibus
1113 539 1169 602 ad.

141 631 172 690 L.
190 637 358 709 poematum
372 628 464 688 libros
478 634 545 689 tres.
553 629 677 707 priores,
691 647 718 706 p.
733 624 790 686 43:
809 624 931 688 eadem
943 623 1030 700 rotie.
1039 623 1155 692 dotcr-

141 717 243 780 mt'aat
263 711 460 794 omnto¹<res
566 713 608 794 .>:
619 712 680 776 ets
702 708 1102 797 quaedamtqettamo).
1121 762 1127 774 .
1145 762 1153 774 .

142 807 200 878 OQ.
223 804 282 881 tis,
303 802 455 883 quaedam
518 849 524 864 .
538 801 653 864 emmo
671 799 873 878 Lm.,;iterum
892 805 938 868 in'
949 803 1053 862 cadem
1076 821 1153 862 voce

141 913 277 974 peccam,
300 892 366 953 cii
381 888 536 972 *15092‚1·ut
560 894 648 952 etiam
661 892 770 969 *Bern.,'
788 893 839 970 qni
857 891 905 950 hic
924 901 1040 969 qnoque
1060 909 1162 960 omne,

142 981 258 1061 scribit,
290 981 333 1041 ci:
353 999 381 1058 p.
408 979 463 1039 xi..
488 983 528 1044 eit
546 997 599 1041 ,res
628 977 708 1041 rotie
735 976 943 1058 disterminat,
957 976 1058 1043 ornate
1085 979 1152 1059 Mr,

142 1070 254 1131 melius*
280 1068 421 1128 Lambino
445 1116 451 1129 .
472 1115 478 1128 .
498 1115 504 1128 .
528 1066 633 1130 endem
667 1067 833 1129 reticeres
869 1065 1026 1128 terminat
1039 1075 1153 1132 omem

142 1156 304 1237 scribente,
326 1159 394 1216 nam
409 1156 623 1216 'disterminare
644 1155 781 1228 'verbumb
793 1163 839 1216 est
861 1155 1094 1220 Ciceroniannm¹
1112 1175 1162 1220 ex.

142 1246 257 1306 Arateis
280 1244 292 1304 1
314 1241 366 1305 44.
406 1243 539 1324 probant
557 1243 768 1305 tameniioeb.
781 1249 954 1323 ¹qn'aest.2p.
979 1239 1076 1304 liv-et*
1097 1243 1161 1325 29,

143 1333 239 1394 Giuss.
252 1367 300 1392 -.
326 1333 337 1413 ii
355 1331 418 1395 723
436 1330 461 1413 ΙΙ,
482 1333 602 1393 Gneiss:
615 1333 731 1411 diss'p.
750 1328 1160 1409 54.-7131-otteeqoem-

141 1421 189 1484 cis
210 1440 288 1501 quac
308 1424 383 1484 eunt
402 1417 670 1484 iactato-colorem
686 1420 785 1482 Lamb.
810 1421 845 1480 cf.
864 1419 963 1498 phiiot
982 1419 1151 1488 XXVlssii8:
1232 1471 1233 1482 ,

143 1529 203 1590 qne
225 1512 298 1572 suot
321 1506 435 1570 inbuto
452 1506 547 1570 colore
565 1509 623 1579 00.
663 1526 721 1587 qno
743 1511 816 1570 sent
836 1505 946 1568 inbuto
968 1504 1071 1569 cotore‘
1085 1509 1150 1570 Lm.

142 1599 173 1659 Bt
196 1617 274 1677 quae
295 1601 369 1658 sont
388 1594 506 1661 imbute
528 1593 661 1657 colorem.
680 1595 806 1658 -738
826 1605 897 1675 sqq.
911 1614 980 1660 com
995 1594 1154 1675 'coeca'pem'
1232 1631 1233 1666 ς

230 1687 574 1764 copaoscaoticorporc.
600 1687 693 1759 tecto,
725 1702 771 1746 ecc.
792 1683 915 1746 incente
946 1702 1030 1760 cece,
1062 1681 1152 1750 nullo
1232 1667 1233 1696 ³

143 1772 315 1836 coniuncto
329 1769 435 1847 colore,
462 1772 561 1850 philol.
589 1772 666 1831 XXV
680 1770 738 1834 08.
784 1772 992 1852 bisdistinxi,
1014 1790 1051 1832 ne
1080 1776 1152 1850 quis
1232 1841 1233 1852 ,

143 1868 244 1940 postea
271 1861 343 1920 haec
371 1862 412 1920 ita
439 1863 586 1939 acciperet
612 1868 646 1920 ut
666 1860 737 1920 Poll.
761 1860 864 1939 philol.
887 1860 963 1920 XXV
986 1857 1052 1920 324
1077 1861 1153 1922 iecit

144 1957 194 2009 aut
215 1955 249 2008 nt
265 1946 464 2008 Hoerschelm.
488 1947 630 2008 observat.
646 1968 687 2027 p.
704 1945 734 2008 4.
776 1951 947 2026 caecigenos
966 1948 1038 2008 dicit
1060 1957 1152 2026 poeta

143 2035 211 2097 inde
239 2054 255 2096 a
282 2038 383 2114 pneris
410 2054 533 2114 corpora
559 2043 639 2096 tactu
667 2053 856 2116 cognoscere,
889 2036 1017 2099 colorem
1043 2039 1075 2096 in
1103 2041 1153 2098 eis

143 2143 203 2185 non
220 2141 415 2202 cognoscere:
438 2123 485 2183 his
508 2126 598 2202 igitur
619 2142 668 2206 res
692 2131 761 2184 sunt
784 2127 847 2184 sine
871 2124 982 2205 colore,
1006 2132 1039 2185 nt
1061 2124 1152 2186 nobis
1232 2137 1233 2154 ¹

144 2230 270 2296 quoqne,
293 2211 473 2273 intenebris
493 2214 518 2272 si
539 2231 650 2293 sumus,
673 2214 752 2273 ct'v.
764 2209 837 2273 Ι743
855 2231 898 2290 sq.
917 2212 1010 2274 Bentl.
1029 2231 1152 2274 versum

143 2301 227 2362 illum
248 2308 315 2380 post
339 2296 402 2362 745
427 2294 505 2384 (748
524 2293 601 2384 Lm.)
624 2303 800 2380 ponitrqua
817 2303 1046 2379 transpositione
1068 2302 1151 2362 rein-

143 2397 203 2450 tata
225 2397 292 2450 ante
314 2408 340 2448 r.
366 2386 428 2450 746
452 2389 554 2450 lacuna
576 2389 646 2450 hiat.
685 2389 811 2449 eundem
829 2407 947 2448 versum
971 2391 1059 2448 etiam
1081 2398 1153 2468 post

145 2495 176 2536 sc
200 2476 309 2537 habere
332 2477 465 2537 lacunam
483 2480 542 2536 iani
563 2495 651 2554 supra
670 2477 765 2556 docui,
783 2496 810 2555 p.
826 2476 902 2536 XXV
920 2523 926 2536 .
942 2523 948 2536 .
964 2524 970 2536 .
989 2475 1151 2538 otomatis:

145 2564 193 2624 itt
214 2561 479 2643 concinnat,
501 2583 544 2642 vg.
563 2595 608 2606 -
627 2562 689 2625 782
713 2569 816 2627 caetra
838 2564 896 2636 00.
915 2564 946 2625 B.
965 2564 1018 2624 ΜΓ.
1040 2583 1078 2626 etc
1100 2563 1152 2627 iee's

145 2650 220 2729 Lm,
257 2653 401 2711 sententia
438 2670 496 2711 non
531 2658 694 2730 perspecta.
727 2684 769 2694 -
801 2660 868 2731 post
901 2651 964 2714 784
995 2656 1152 2732 perierunt

144 2756 257 2816 versus,
272 2738 378 2817 quibus
392 2738 422 2799 id
437 2739 669 2799 demonstratum
682 2740 745 2816 init,
763 2740 798 2800 ad
813 2741 891 2819 qnod
906 2743 938 2801 in
951 2761 994 2800 vv.
1011 2738 1075 2804 785
1085 2761 1150 2821 sqq.

144 2834 174 2888 et
190 2823 260 2888 ’792
285 2845 347 2905 sqq.
375 2829 607 2907 respicitur
630 2846 673 2887 vv.
698 2826 872 2890 817-825
896 2829 1023 2911 Susam,
1048 2830 1149 2909 philol.

143 2914 221 2974 XXV
248 2911 290 2976 70
313 2933 355 2992 sq.
384 2922 434 2975 ant
460 2923 527 2993 post
550 2912 614 2977 794
642 2923 692 2976 atrt
718 2924 787 2995 post
809 2915 870 2978 787
898 2917 1036 2978 collocari
1058 2918 1150 2978 iubet.

143 3036 187 3045 -
210 2997 432 3082 806³reftttqet
451 3001 508 3073 OQ.
528 3003 580 3064 Mr.
602 3001 728 3084 refetqt't
749 3004 809 3064 Lm.
829 3005 860 3065 B.
880 3006 915 3065 ci.
935 3025 962 3084 p.
984 3005 1081 3066 XXIV.
1106 3039 1150 3050 -

145 3087 208 3152 808
227 3108 304 3168 quoe
317 3089 379 3152 sito
391 3089 580 3155 cerotccmst
593 3091 706 3154 circum
720 3089 885 3171 collumque
899 3096 1030 3170 coronet,
1048 3094 1149 3174 philol.

144 3177 220 3237 XXV
243 3174 297 3239 73³:
319 3178 445 3242 coemes
467 3227 518 3241 ...
542 3181 600 3252 00.
624 3182 688 3243 edd.
713 3215 754 3224 -
779 3179 843 3244 810
865 3182 997 3261 quodem
1019 3179 1149 3264 †sercsrt;

144 3284 204 3328 non
227 3267 353 3344 quodam
376 3288 479 3350 sensu,
501 3277 534 3330 nt
558 3270 597 3351 id,
620 3269 656 3329 de
680 3289 737 3349 qno
760 3270 915 3333 Lucretius
938 3271 975 3330 lV
996 3268 1063 3332 430
1085 3291 1149 3351 sqq.

143 3356 225 3436 dicit,
244 3354 295 3414 sed
313 3357 438 3434 quodam
456 3357 575 3418 luminis
594 3360 669 3438 ictu,
686 3377 711 3418 v.
728 3355 800 3420 814.
834 3361 927 3419 sensit
945 3361 1047 3419 vitium
1066 3359 1148 3420 Bkm.

144 3444 196 3506 sed
220 3461 287 3503 curn
310 3459 430 3504 escensu
452 3448 579 3527 scripsit,
604 3463 663 3507 non
687 3449 823 3507 correxit.
847 3479 891 3489 -—
914 3444 977 3508 826
1001 3452 1151 3508 acetrum

145 3523 289 3617 (ostrum)
307 3530 418 3591 Waiei.
442 3531 530 3594 Goeh.
554 3541 666 3613 quaest.
685 3533 800 3594 Lucret.
823 3553 851 3612 p.
868 3531 916 3594 13.
947 3532 1013 3593 Mn:
1036 3551 1150 3596 aarum
