2512 3874
147 269 211 336 150
634 270 661 325 V

217 419 314 478 omnia
337 417 490 497 dispositis
514 419 606 496 signis
630 423 732 477 ornata
754 423 902 476 notarunt.
1110 436 1146 476 aas

217 512 267 566 aut
289 508 358 585 quia
382 507 510 566 crassior
534 513 579 566 est
601 506 691 566 certis
714 507 745 565 in
767 504 902 583 partibus
925 505 995 564 anni

639 612 657 650 6

146 698 197 748 666
218 681 272 742 sub
295 683 384 742 terris
407 681 474 741 ideo
497 680 658 742 tremulum
680 679 765 741 iubar
787 680 913 741 haesitat
935 682 1012 759 ignis

146 777 202 828 696
218 787 274 830 nec
300 776 457 849 penetrare
479 775 578 848 potest
600 768 684 829 facile
708 775 794 846 atque
818 786 969 847 emergere
993 768 1030 828 ad
1054 776 1146 828 ortus:

217 864 375 938 propterea
398 863 500 917 noctes
523 857 647 917 hiberno
670 864 802 936 tempore
825 855 929 934 longae

218 951 347 1024 cessant,
372 945 442 1005 dum
465 947 563 1005 veniat
583 944 729 1005 radiatum
751 946 866 1022 insigne
891 944 959 1005 dici.
1111 967 1147 1006 voc

218 1035 392 1113 autetiam,
417 1035 486 1111 quia
510 1035 553 1093 sic
576 1031 696 1092 alternis
719 1032 854 1112 partibus
878 1035 947 1092 anni

147 1139 198 1188 690
216 1121 331 1181 tardius
355 1127 384 1180 et
408 1123 496 1181 citius
520 1127 700 1180 corrsuenmt
722 1121 871 1181 confluere
894 1123 992 1202 ignes,

146 1217 199 1268 701
215 1211 267 1289 qui
289 1209 401 1269 iaciunt
424 1208 517 1269 solem
540 1214 620 1269 certa
643 1207 801 1287 desurgere
824 1215 907 1287 parte

217 1305 376 1377 propterea
398 1297 431 1356 lit
453 1299 498 1357 uti
520 1296 674 1356 videantur
697 1295 796 1356 dicere
819 1313 935 1376 verum,

642 1404 659 1439 *
899 1431 904 1446 .

261 1473 343 1533 Luna
366 1478 464 1551 potest
487 1471 558 1531 solis
580 1471 671 1531 radiis
693 1488 834 1550 percussa
856 1473 952 1531 nitere
1111 1491 1146 1531 ros

217 1563 308 1639 inque
331 1560 395 1620 dies
419 1560 512 1637 magis
535 1556 571 1620 id
590 1559 690 1619 lumen
713 1565 885 1618 convertere
906 1557 993 1618 nobis

149 1665 199 1713 696
219 1648 255 1708 ad
279 1649 420 1728 speciem,
444 1653 585 1725 quantum
610 1646 680 1706 solis
703 1646 817 1707 secedit
839 1645 874 1706 ab
896 1645 975 1726 orbi,

148 1743 204 1795 706
218 1735 346 1812 donique
370 1752 438 1794 eum
461 1742 563 1794 contra
585 1732 673 1818 pleno
695 1732 771 1795 bene
794 1734 906 1794 lumine
929 1733 1012 1794 fulsit

200 1829 306 1903 atque
330 1823 428 1881 oriens
453 1821 550 1881 obitus
574 1824 638 1882 eius
662 1841 751 1901 super
774 1821 852 1882 edita
875 1822 962 1882 vidit:

219 1909 288 1970 inde
311 1911 477 1970 minutatim
500 1916 581 1969 retro
605 1912 690 1988 quasi
712 1910 839 1971 condere
862 1909 963 1970 lumen
987 1975 995 1988 ‚
1112 1931 1146 1971 no

219 1996 308 2058 debet
330 2000 413 2078 item,
437 2003 546 2075 quanto
569 2000 692 2078 propius
715 2000 774 2058 iam
798 1997 869 2057 solis
892 1997 929 2057 ad
952 2000 1053 2075 ignem

143 2102 201 2150 ’700
219 2085 328 2146 labitur
350 2103 386 2145 ex
410 2085 466 2145 alia
489 2087 641 2164 signorum
663 2093 747 2164 parte
769 2104 824 2165 per
847 2084 963 2166 orbem3

148 2181 201 2234 711
219 2182 254 2234 ut
276 2175 400 2253 iaciunt,
423 2173 523 2233 lunam
547 2176 599 2252 qui
621 2175 735 2251 fingunt
759 2191 825 2234 esse
848 2173 920 2253 pilai

220 2261 405 2322 consimilem
429 2279 592 2338 cursusque
614 2263 692 2320 viam
715 2260 770 2321 sub
794 2259 855 2320 sole
878 2268 989 2322 tenere.

220 2355 265 2409 est
288 2350 376 2409 etiam
400 2367 491 2426 quare
513 2351 635 2427 proprio
658 2368 725 2409 cum
748 2349 859 2409 lumine
882 2351 977 2427 possit
1114 2368 1149 2410 ns

219 2435 329 2496 volvier
352 2443 382 2496 et
403 2439 499 2496 varias
523 2435 689 2514 splendoris
711 2436 836 2496 reddero
860 2436 982 2496 formas:

150 2538 201 2588 706
220 2542 328 2602 corpus
352 2526 431 2593 enim
454 2523 525 2583 licet
547 2542 612 2583 esse
636 2523 728 2603 aliud,
752 2523 829 2602 quod
853 2524 949 2584 fertur
971 2531 1002 2584 et
1024 2543 1083 2585 una

149 2618 203 2668 716
219 2609 326 2670 labitur
350 2611 527 2670 omnimodis
551 2628 709 2670 occursans
736 2611 943 2692 officiensque,

219 2716 275 2758 nec
296 2699 374 2775 potis
398 2704 444 2758 est
467 2700 563 2778 cerni,
587 2700 656 2777 quia
679 2715 796 2758 cassum
819 2698 931 2759 lumine
955 2701 1059 2761 fertur.

219 2787 390 2863 versarique
413 2792 524 2867 potest,
547 2784 651 2864 globus
674 2791 707 2845 ut
730 2788 756 2845 si
780 2787 855 2846 forte
878 2787 952 2865 pilai
1116 2809 1150 2848 no

220 2871 342 2932 dimidia
364 2891 400 2932 ex
423 2875 501 2951 parti
525 2872 662 2933 candenti
684 2872 795 2932 lumine
818 2876 944 2955 tinctus,

149 2974 201 3024 710
219 2959 422 3038 versandoque
447 2959 568 3038 globum
590 2962 730 3020 variantis
754 2961 842 3021 edere
865 2961 989 3043 formas,

149 3052 205 3102 721
221 3047 349 3124 donique
373 3055 588 3127 campartem,
611 3055 844 3126 quaecumquest
865 3049 986 3127 ignibus
1010 3059 1107 3131 aucta,

221 3134 257 3193 ad
281 3136 411 3211 speciem
433 3136 521 3194 vertit
543 3133 630 3198 nobis
654 3135 813 3214 oculosque
836 3140 980 3216 patentis:

222 3219 290 3278 inde
314 3223 482 3281 minutatim
505 3229 587 3281 retro
611 3230 786 3300 contorquet
810 3232 840 3284 et
862 3225 959 3285 aufert
1119 3245 1152 3287 na

222 3303 375 3365 luciferam
397 3316 512 3386 partem
535 3308 755 3386 glomeraminis
778 3318 866 3391 atque
889 3312 974 3394 pilai3

153 3405 203 3454 vra
223 3398 255 3450 ut
278 3389 453 3469 Babylonica
476 3395 654 3455 Chaldaeum
677 3398 811 3459 doctrina
834 3400 968 3461 refutans

153 3482 206 3534 726
225 3476 439 3554 astrologorum
462 3490 555 3542 artem
578 3489 680 3544 contra
704 3489 880 3548 convincere
903 3488 1013 3570 tendit,

224 3563 348 3640 proinde
373 3568 457 3640 quasi
480 3568 511 3627 id
533 3570 600 3629 lieri
621 3579 748 3649 nequeat
771 3574 850 3654 quod
872 3584 985 3655 pugnat
1006 3583 1142 3656 uterque,
