2496 3876
120 203 197 257 XXII
481 202 763 259 PROLEGOMENA.

119 349 207 410 habet
233 350 280 410 his
304 351 335 412 ln
357 349 431 412 locis
452 349 492 411 III
515 345 689 412 tte-549
713 369 776 430 sqq.
821 353 851 412 et
870 349 1020 430 quoniam
1040 371 1149 416 meros

119 440 165 500 est
180 435 314 500 bominis
325 455 405 518 pora
422 455 489 500 ooo
567 435 649 499 velut
669 455 760 500 ouras
836 441 926 518 atque
942 436 1002 500 ole'o'
1019 457 1148 504 seruus

121 523 641 606 ...quipobcmoot—-etoelute'
658 533 1146 606 monuccte....noopossunt‚

118 612 164 675 sic
192 612 319 676 animus
349 631 412 676 ooo
438 611 517 695 quil,
549 613 601 674 ubi
632 614 838 674 anacolutbum
863 618 994 693 positum
1021 625 1070 676 est
1100 621 1145 679 in

62 751 64 758 .
120 703 221 764 vocula
239 703 377 765 etaltera
396 709 426 762 et
444 705 475 762 in
493 703 612 762 nomine
630 699 763 764 animus.
800 704 877 763 mtra
895 707 1143 767 constructionis

119 791 304 870 perturbatio
318 791 463 852 sententia
477 796 576 850 tamen
590 792 662 850 satis
671 793 829 870 perspicua
838 787 1142 873 oblutus-439,

120 898 208 958 quem
236 879 333 939 locum
361 879 493 957 corrupit
514 876 719 939 Lachmannus
746 897 804 939 una
831 878 934 939 vocula
961 886 1075 940 mutata
1100 890 1140 942 et

120 967 235 1028 duobus
270 965 405 1026 versibus
438 966 573 1046 abiectis,
605 968 690 1044 peius
721 969 810 1027 etiam
840 966 950 1028 Pollius
983 967 1018 1027 de
1053 971 1139 1030 artis

120 1055 219 1115 vocab.
247 1073 275 1133 p.
303 1049 345 1114 52
376 1073 438 1132 sqq.
467 1059 605 1133 quattuor
638 1056 757 1132 optimis
786 1055 921 1116 versibus
949 1055 1138 1118 exturbatis:

121 1141 198 1221 quod
231 1149 339 1221 quanta
370 1143 479 1202 iniuria
510 1143 561 1202 liat
588 1148 622 1202 ut
644 1149 795 1223 appareat,
827 1145 885 1202 iam
913 1143 1023 1205 docebo
1053 1145 1137 1224 quid

119 1230 246 1291 voluerit
267 1228 423 1291 Lucretius
452 1230 581 1310 quidque
610 1231 638 1291 ei
664 1229 813 1290 acciderit.
858 1230 895 1291 ab
918 1249 953 1291 eo
976 1231 1056 1310 quod
1079 1241 1136 1294 est

112 1315 271 1398 peropto
302 1316 450 1398 pudorem
482 1317 639 1380 exordiens
670 1325 757 1397 poeta
788 1317 818 1378 id
852 1321 924 1399 agit,
955 1326 988 1380 ut
1020 1319 1134 1382 doceat

119 1409 246 1468 animam
278 1416 361 1468 extra
392 1425 500 1488 corpus
532 1409 656 1468 eiectam
688 1405 825 1467 facillime
855 1406 975 1467 dissolvi
1001 1415 1135 1487 propter

118 1499 292 1557 tenuitatem
308 1514 431 1557 neccsse
446 1513 512 1556 esse
525 1528 570 1538 -
583 1494 620 1554 cl.
635 1495 748 1555 Susem.
763 1493 862 1573 philol.
877 1494 996 1556 XXXIII
1008 1491 1052 1558 42
1067 1518 1133 1558 -ε

120 1584 172 1644 sed
204 1591 271 1645 ante
304 1602 391 1662 quam
420 1583 491 1661 quid
521 1600 558 1642 ex
586 1589 750 1642 atomorum
777 1585 904 1643 animam
932 1584 1132 1646 allicientium

119 1673 261 1750 parvitate
285 1677 427 1748 sequatur
450 1670 531 1750 dicit,
554 1671 585 1729 in
608 1671 738 1731 anImum
761 1672 790 1731 ei
812 1673 893 1731 venit
912 1689 986 1750 opus
1005 1690 1072 1732 esse
1091 1681 1131 1734 ut

119 1759 232 1839 doceat,
255 1775 342 1837 qnam
366 1757 490 1818 obrem
514 1758 557 1817 eis
576 1764 686 1818 tantam
705 1760 878 1837 parvitatem
896 1759 1019 1821 tribuat:
1044 1759 1132 1821 addit

119 1848 211 1924 igitur
234 1863 361 1927 cansam,
384 1862 452 1906 cum
475 1844 578 1906 scribit
599 1841 774 1929 nom-(Lm.
797 1840 878 1930 com)
902 1843 988 1926 loropc
1005 1844 1130 1910 mode

119 1935 180 1996 tote
204 1935 347 2012 praestat
376 1935 406 1995 et
500 1935 642 1995 movetur.
694 1935 753 1994 iam
784 1953 853 1995 vero
888 1937 977 1996 etiam
1007 1936 1064 1997 boc
1096 1931 1129 1998 ¹ei

120 2021 352 2083 confirmandum
365 2021 490 2101 videtur,
500 2039 532 2081 re
547 2040 614 2082 vera
630 2024 759 2082 animum
772 2025 847 2083 mire
861 2023 1000 2084 mobilem
1014 2031 1127 2085 extare.

120 2109 225 2171 scribit
250 2111 341 2188 Igitur
367 2109 440 2170 illud
464 2107 575 2188 quipope
596 2107 650 2171 obi
671 2107 860 2189 lmopioibus
879 2109 963 2190 fumi
984 2109 1128 2174 nebeim-

118 2217 176 2280 quc
197 2200 339 2261 moerebo.
375 2201 422 2259 vix
447 2205 544 2259 autem
566 2199 623 2259 hoc
644 2201 812 2278 scripserat,
835 2217 903 2259 cum
921 2201 950 2261 ei
968 2203 1128 2283 succurrit,

35 2331 38 2338 ⁴
119 2289 236 2369 lectori,
274 2291 381 2367 qqupe
418 2289 470 2367 qui
506 2287 542 2347 de
579 2287 744 2348 simulacris
776 2287 907 2348 animum
937 2288 1128 2350 moventibus

118 2376 251 2437 nondum
274 2377 417 2456 audisset,
440 2393 499 2438 non
522 2393 577 2454 per
600 2394 631 2436 se
654 2377 845 2456 perspicuum
863 2376 936 2456 lore,
959 2377 1076 2455 quando
1094 2386 1129 2438 et

120 2463 266 2542 quomodo
285 2465 400 2524 animus
418 2462 477 2523 illis
494 2463 671 2541 imaginibus
685 2471 861 2524 moveretur.
894 2462 1022 2524 subiecit
1034 2467 1128 2542 Igitur

119 2550 169 2611 illa
190 2547 272 2628 quod
289 2565 393 2629 percos,
415 2547 451 2610 io
472 2548 589 2612 somnis
605 2548 698 2630 sopo'to'
714 2547 769 2610 obi
786 2549 939 2614 cchmus
957 2549 1016 2614 alte
1034 2549 1129 2614 eobo

120 2635 185 2699 lore
206 2653 349 2715 cuperem
370 2633 487 2698 ultorio
505 2644 560 2698 etc.
601 2640 650 2698 cui
673 2635 793 2718 addidit,
816 2659 884 2700 cum
901 2641 950 2701 hic
969 2659 1031 2701 rem
1050 2659 1127 2702 non·

119 2726 190 2787 dum
217 2731 318 2804 posset
345 2725 560 2806 demonstrare,
588 2742 665 2786 nam
685 2723 795 2804 procul
821 2725 893 2789 loide
919 2725 1010 2790 dubio
1035 2727 1127 2792 nobes

118 2809 288 2877 somoloora
302 2815 458 2894 pervector⁸
496 2815 538 2874 sie
557 2833 625 2876 cum
642 2813 813 2893 longissime
833 2818 918 2898 avla,
937 2835 1024 2895 quam
1038 2819 1124 2878 Initio

119 2905 272 2982 ingressus
300 2910 376 2982 erat,
403 2900 582 2984 aberrasset,
609 2921 673 2963 rem
696 2905 827 2964 sentiens
850 2903 947 2966 denuo
960 2905 1125 2966 exorditur

119 2991 243 3070 abrupta
274 2991 431 3052 verborum
463 2994 691 3072 constructione,
724 2991 776 3052 sed
808 2993 862 3073 ita,
899 3000 933 3054 ut
960 2996 1123 3055 sententiae

119 3081 190 3139 satis
222 3080 284 3140 liat:
321 3078 424 3140 scribit
454 3095 538 3140 onoc
564 3077 661 3159 ipibcr
686 3076 834 3158 quantem
862 3087 917 3141 cet.
963 3083 1016 3142 sed
1043 3089 1124 3144 extat

119 3169 347 3228 continuationis
371 3175 404 3229 ut
425 3167 514 3228 simili
532 3168 618 3228 modo
637 3171 821 3247 interruptae
840 3170 880 3229 ita
897 3170 992 3245 multo
1010 3170 1123 3248 simpli-

119 3257 208 3317 cioris
239 3256 419 3337 exemplum,
451 3274 487 3317 ex
520 3274 577 3334 quo
608 3255 686 3316 unde
718 3255 787 3316 talia
820 3265 883 3317 orta
915 3260 975 3318 sint
1006 3258 1123 3320 lacilius

117 3345 322 3424 perspiciatur.
367 3343 385 3404 l.
413 3344 450 3404 IV
477 3363 502 3404 v.
528 3340 590 3405 135
619 3363 686 3406 cum
712 3351 799 3423 poeta
826 3347 989 3407 instItuerit
1015 3347 1122 3407 docere

118 3451 206 3514 quam
220 3435 304 3492 tenui
317 3438 421 3492 natura
435 3439 584 3493 constaret
597 3435 703 3513 imago,
718 3435 761 3492 sle
776 3433 939 3494 exorditur:
957 3432 1121 3513 tumme,

116 3518 264 3599 quondum
278 3517 457 3598 primordio
474 3521 594 3582 tondeo
610 3521 684 3582 soret
701 3517 789 3598 iufra
805 3522 924 3583 nostros
941 3539 1048 3584 seusus
1064 3543 1121 3582 —:
