2512 3874
416 896 459 980 Τ.
482 897 712 982 uuonurl
744 895 868 985 unni

279 1047 369 1144 DE
414 1048 669 1148 RERUM
713 1052 1002 1152 NATURA

433 1225 438 1234 ·
462 1221 597 1286 amun
619 1221 818 1300 oomrus.

586 1383 692 1392 *-

189 1507 262 1577 Quis
285 1507 363 1584 potis
387 1512 433 1565 est
455 1505 578 1584 dignum
599 1506 724 1585 pollenti
745 1515 865 1586 pectore
890 1528 1008 1572 carmen

189 1593 316 1655 condere
339 1612 393 1672 pro
417 1611 517 1654 rerum
541 1597 692 1656 maiestate
715 1595 821 1674 hisque
844 1596 993 1676 repertis?

189 1684 291 1761 quisve
315 1681 391 1742 valet
412 1681 510 1742 verbis
533 1689 661 1764 tantum,
685 1686 736 1762 qui
758 1683 870 1763 tingere
893 1684 995 1747 laudes

187 1788 242 1849 pro
266 1771 380 1830 meritis
404 1772 468 1830 eius
490 1773 598 1851 possit,
621 1773 673 1850 qui
695 1771 765 1832 talia
787 1772 873 1833 uobis

153 1874 169 1924 5
189 1864 309 1937 pectore
331 1864 415 1936 parta
438 1876 491 1917 suo
515 1860 705 1938 quaesitaque
728 1863 859 1939 praemia
882 1858 989 1940 liquit?

187 1963 289 2026 nemo,
311 1952 345 2006 ut
368 1948 486 2026 opinor,
509 1949 565 2006 erit
587 1947 704 2006 mortali
728 1966 850 2026 corpore
874 1959 981 2010 cretus.

188 2052 256 2094 nam
280 2035 319 2114 si,
341 2041 375 2094 ut
397 2035 462 2112 ipsa
483 2036 558 2112 petit
579 2037 718 2095 maiestas
742 2038 857 2113 cognita
880 2054 994 2117 rerum,

188 2121 388 2201 dicendumst,
411 2121 484 2180 deus
506 2120 556 2180 ille
579 2121 648 2200 fuit,
671 2122 758 2202 deus,
780 2121 889 2201 inelyte
911 2123 1044 2206 Memmi,

188 2212 240 2289 qui
262 2211 401 2288 princeps
424 2210 500 2268 vitae
523 2210 667 2269 rationem
689 2211 803 2270 invenit
825 2228 889 2270 eam
913 2229 987 2289 quae

136 2316 169 2364 ιο
187 2316 268 2358 nuno
291 2295 453 2376 appellatur
476 2298 633 2376 sapientia,
656 2299 765 2375 quique
788 2315 842 2376 per
865 2305 959 2359 artem

188 2384 327 2446 fluetibus
350 2403 366 2445 e
389 2386 479 2444 tantis
501 2387 591 2445 vitam
613 2387 762 2464 tantisque
785 2385 918 2446 tenebris

187 2476 219 2534 in
242 2481 302 2534 tam
324 2471 483 2552 tranquillo
506 2480 537 2533 et
559 2479 620 2533 tam
642 2472 720 2533 clara
743 2472 809 2533 luoe
832 2473 947 2536 locavit.

187 2561 290 2622 confer
312 2563 393 2622 enim
415 2560 513 2620 divina
537 2559 662 2620 aliorum
684 2563 803 2640 antiqua
826 2570 953 2640 reperta.

187 2667 314 2727 namque
338 2647 427 2709 Ceres
451 2649 545 2709 fertur
567 2649 668 2727 fruges
689 2648 837 2728 Liberque
860 2649 984 2730 liquoris

138 2755 168 2804 15
187 2739 310 2816 vitigeni
331 2735 448 2796 laticem
471 2736 645 2798 mortalibus
668 2738 846 2819 instituisse,

187 2844 255 2886 oum
276 2832 376 2885 tamen
398 2823 446 2884 his
467 2832 570 2903 posset
591 2827 655 2885 sine
678 2824 768 2886 rebus
790 2828 849 2887 vita
872 2844 1004 2908 manere,

185 2921 220 2975 ut
241 2912 346 2973 famast
369 2911 481 2991 aliquas
505 2914 593 2973 etiam
615 2931 695 2974 nuno
717 2916 815 2975 vivere
839 2917 947 2994 gentis:

185 3000 313 3063 athene
337 3018 396 3061 non
419 3007 535 3079 poterat
558 3002 623 3060 sine
645 3019 720 3079 puro
742 3009 862 3081 pectore
885 3005 956 3083 vivi,

186 3108 243 3170 quo
267 3091 361 3167 magis
384 3089 432 3149 hio
455 3090 562 3148 merito
585 3087 671 3149 nohis
694 3089 767 3149 deus
791 3108 857 3150 esse
880 3090 1008 3170 videtur,

136 3193 168 3241 uo
186 3196 223 3238 ex
245 3195 303 3256 quo
327 3195 406 3238 nuno
429 3178 518 3237 etiam
539 3194 594 3255 per
616 3194 737 3254 magnas
760 3177 852 3237 didita
875 3179 971 3255 gentis

186 3265 282 3326 dulcia
305 3264 490 3344 permulcent
512 3266 625 3324 animos
649 3263 756 3325 solacia
778 3267 862 3324 vitae.

184 3352 320 3413 Herculis
343 3356 483 3414 antistare
508 3360 606 3414 autem
630 3354 656 3413 si
680 3352 910 3435 recuperabis,

185 3440 301 3519 longius
325 3460 342 3501 a
364 3460 433 3502 vera
455 3440 547 3502 multo
571 3443 684 3502 ratione
708 3440 813 3501 ferere.

185 3528 255 3609 quid
279 3527 442 3590 Nemeaeus
465 3532 545 3590 enim
567 3529 653 3590 nohis
675 3546 755 3589 nune
777 3547 900 3608 magnus
923 3529 1020 3591 hiatus

888 3628 925 3684 9⁵3
