2512 3874
124 235 190 301 204
612 233 652 286 VI

211 381 362 444 ulceribus
384 383 487 442 taetris
510 389 541 442 et
562 385 648 460 nigra
669 379 802 460 proluvie
825 378 882 438 alvi
1077 403 1134 444 noo

212 473 361 552 posterius
382 478 481 530 tamen
502 470 581 530 buno
602 469 685 530 tabes
708 469 858 547 letumque
881 466 1030 547 manebat,

124 567 201 618 1200
214 565 265 619 aut
286 561 375 619 etiam
397 558 508 618 multus
530 559 635 637 eapitis
658 575 725 618 cunr
748 575 836 636 saepe
859 554 960 614 dolore

214 655 370 726 corruptus
394 649 512 724 sanguis
535 645 660 725 expletis
682 644 803 705 naribus
825 643 900 704 ibat:

126 736 269 802 11901111
290 735 418 794 bominis
440 741 519 794 totae
541 737 620 794 vires
642 751 808 812 corpusque
830 731 948 792 fluebat

213 823 389 904 profluvium
411 841 500 901 porro
523 825 575 901 qui
596 824 684 882 taetri
706 823 858 899 sanguinis
881 837 947 880 aere
1078 838 1134 880 1205

214 913 338 991 exierat,
359 917 459 970 tamen
481 913 513 970 in
535 927 641 971 nervos
662 910 734 970 huic
755 908 876 968 morbus
899 913 930 968 et
951 913 1034 967 artus

127 1005 203 1058 1205
216 998 277 1059 ibat
300 1005 330 1058 et
351 1000 383 1058 in
405 1001 498 1078 partis
520 997 656 1076 genitalis
678 999 812 1076 corporis
833 999 922 1075 ipsas.

215 1094 245 1147 et
266 1089 394 1164 graviter
415 1089 523 1165 partim
545 1093 711 1147 metuentes
733 1085 834 1145 limina
857 1083 910 1144 leti

128 1189 196 1241 1200
213 1173 350 1235 vivebant
371 1174 451 1235 ferro
473 1177 580 1253 privati
601 1183 685 1253 parte
706 1173 798 1253 virili,

215 1269 246 1324 et
266 1262 403 1323 manibus
426 1265 490 1322 sine
514 1261 648 1323 nonnulli
669 1261 853 1341 pedibusque
876 1259 1033 1320 manebant
1078 1282 1134 1322 mo

215 1353 247 1412 in
268 1353 327 1411 rita
349 1358 461 1431 tamen,
483 1357 514 1410 et
535 1351 697 1430 perdebant
719 1350 830 1411 lumina
851 1351 972 1427 partim:

128 1445 203 1498 1210
215 1457 310 1518 usque
333 1439 406 1499 adeo
427 1441 533 1499 mortis
554 1447 652 1499 metus
673 1439 721 1498 his
742 1440 906 1498 incesserat
927 1454 1002 1496 acer.

216 1535 303 1606 atque
326 1529 415 1588 etiam
438 1527 580 1605 quosdam
603 1545 710 1606 copore
733 1525 840 1586 oblivia
862 1543 963 1585 rerum

130 1631 199 1682 1201
217 1622 403 1695 cunctarum,
425 1632 523 1694 neque
545 1633 577 1676 se
599 1622 722 1694 possent
744 1629 922 1692 cognoscere
945 1620 978 1672 ut
1000 1613 1068 1690 ipsi.

216 1703 365 1780 multaque
378 1703 462 1762 humi
473 1720 540 1763 cum
549 1703 699 1762 inhumata
707 1705 839 1763 iacerent
848 1719 972 1780 corpora
982 1718 1070 1778 supra
1081 1721 1135 1762 1111

217 1788 404 1870 corporibus,
425 1796 524 1850 11111111
546 1789 670 1850 alituum
692 1808 786 1868 genus
809 1796 896 1868 atque
919 1790 1048 1849 ferarum

129 1885 268 1938 12151111
288 1876 392 1956 procul
416 1876 581 1958 absiliebat,
603 1885 636 1938 ut
658 1896 757 1938 aorem
780 1881 875 1938 exiret
897 1877 1031 1958 odorem,

217 1973 281 2046 aut,
303 1964 352 2025 ubi
377 1971 521 2045 gustarat,
543 1965 699 2044 languebat
721 1974 816 2026 morte
838 1968 1012 2044 propinqua.

131 2061 393 2122 121011111111111
416 2055 536 2114 omnino
558 2061 669 2115 temere
692 2039 751 2115 illis
774 2053 886 2114 solibus
909 2051 968 2113 ulla

219 2141 405 2221 comparebat
428 2144 502 2222 aris,
523 2160 579 2203 nec
601 2145 697 2203 tristia
720 2142 815 2204 saecla
838 2142 967 2203 serarum
1082 2166 1136 2206 nro

219 2231 337 2292 exibant
360 2229 454 2291 silvis:
477 2229 653 2309 languebant
675 2229 815 2310 pleraque
837 2229 942 2290 morbo

131 2325 208 2380 1220
220 2326 250 2380 et
272 2317 481 2380 moriebantur.
517 2337 585 2379 oum
606 2321 712 2397 primis
734 2318 791 2379 fida
813 2337 920 2380 canum
941 2319 986 2379 ris

220 2414 310 2467 strata
332 2409 388 2467 viis
411 2409 537 2468 animam
559 2405 687 2486 ponebat
709 2409 741 2468 in
764 2408 900 2469 omnibus
923 2425 1024 2485 aegre:

133 2512 201 2562 1211
220 2493 412 2573 extorquebat
434 2498 513 2556 enim
536 2497 624 2556 vitam
647 2497 692 2557 ris
714 2496 848 2557 morbida
870 2495 1020 2556 membris.

133 2589 206 2644 1244
219 2575 229 2664 ll
241 2584 410 2642 incomitata
433 2587 497 2662 rapi
519 2584 679 2645 comebant
701 2585 804 2645 funera
826 2591 919 2663 vasta,
936 2579 947 2662 ΙΙ
1084 2606 1138 2647 nas

220 2687 276 2731 nec
298 2671 373 2729 ratio
396 2670 510 2730 remedi
532 2675 696 2733 communis
719 2679 799 2732 certa
822 2671 958 2732 dabatur:

219 2775 287 2818 nam
311 2755 389 2836 quod
411 2756 451 2816 ali
473 2757 593 2819 dederat
614 2759 710 2820 vitalis
732 2763 809 2820 airis
832 2778 918 2820 auras

133 2851 209 2905 1226
221 2846 337 2906 volvere
360 2847 391 2905 in
414 2863 465 2906 ore
489 2845 578 2907 licere
602 2854 631 2907 et
654 2846 726 2907 caeli
748 2847 857 2926 templa
879 2849 969 2928 tueri,

134 2950 202 3002 1220
220 2935 276 2996 hoe
298 2934 365 2995 aliis
387 2941 452 2994 erat
474 2936 563 2995 exitio
585 2934 734 3015 letumque
756 2935 884 3014 parabat.

264 3022 339 3084 lllud
357 3023 389 3082 in
406 3021 453 3083 his
469 3021 559 3082 rebus
573 3023 773 3085 miserandum
785 3041 963 3103 magnopere
977 3041 1070 3084 unum
1086 3047 1140 3088 neo

221 3109 420 3172 aerumnabile
443 3117 519 3190 erat,
542 3110 621 3188 quod
642 3110 694 3172 ubi
716 3130 748 3172 se
772 3114 898 3191 quisque
920 3111 1037 3172 ridebat

222 3199 397 3278 implicitum
418 3197 536 3279 morbo,
558 3201 648 3259 morti
671 3199 824 3261 damnatus
846 3208 880 3260 ut
903 3207 995 3280 esset,

135 3294 209 3346 1230
224 3287 364 3347 deficiens
388 3289 485 3346 animo
508 3294 619 3346 maesto
643 3306 710 3348 oum
732 3286 821 3348 cordo
844 3286 969 3367 iacebat,

136 3391 204 3440 raus
223 3375 326 3434 lunera
349 3381 575 3452 respectansque
598 3376 725 3435 animam
747 3374 899 3436 amittebat
920 3373 1038 3434 ibidem.

224 3463 332 3540 quippe
356 3462 466 3520 etenim
488 3460 569 3522 nullo
592 3460 747 3522 cessabant
768 3469 901 3540 tempore
924 3464 1015 3542 apisci
1087 3486 1141 3527 1111

224 3566 260 3608 ex
283 3545 348 3606 aliis
372 3546 444 3607 alios
468 3547 544 3609 avidi
567 3552 699 3628 contagia
721 3548 830 3631 morbi,
