<?xml version="1.0" encoding="UTF-8"?>
<!DOCTYPE html PUBLIC "-//W3C//DTD XHTML 1.0 Transitional//EN"
    "http://www.w3.org/TR/xhtml1/DTD/xhtml1-transitional.dtd">
<html xmlns="http://www.w3.org/1999/xhtml" xml:lang="en" lang="en">
 <head>
  <title>
</title>
<meta http-equiv="Content-Type" content="text/html;charset=utf-8" />
  <meta name='ocr-system' content='tesseract 3.04.00' />
  <meta name='ocr-capabilities' content='ocr_page ocr_carea ocr_par ocr_line ocrx_word'/>
</head>
<body>
  <div class='ocr_page' id='page_1' title='image "./tlucreticarider20carugoog_0191.png"; bbox 0 0 2500 3882; ppageno 0'>
   <div class='ocr_carea' id='block_1_1' title="bbox 106 207 636 274">
    <p class='ocr_par' dir='ltr' id='par_1_1' title="bbox 106 207 636 274">
     <span class='ocr_line' id='line_1_1' title="bbox 106 207 636 274; baseline 0.013 -1"><span class='ocrx_word' id='word_1_1' title='bbox 106 208 171 274; x_wconf 79' lang='lat'>102</span> <span class='ocrx_word' id='word_1_2' title='bbox 596 207 636 262; x_wconf 76' lang='grc' dir='ltr'><em>Ν</em></span> 
     </span>
    </p>
   </div>
   <div class='ocr_carea' id='block_1_2' title="bbox 103 354 1118 3160">
    <p class='ocr_par' dir='ltr' id='par_1_2' title="bbox 175 354 941 436">
     <span class='ocr_line' id='line_1_2' title="bbox 175 354 941 436; baseline -0.003 -20"><span class='ocrx_word' id='word_1_3' title='bbox 175 363 330 436; x_wconf 86' lang='lat' dir='ltr'>praeterea</span> <span class='ocrx_word' id='word_1_4' title='bbox 353 357 381 416; x_wconf 94' lang='lat' dir='ltr'>si</span> <span class='ocrx_word' id='word_1_5' title='bbox 403 373 479 434; x_wconf 90' lang='lat' dir='ltr'>quae</span> <span class='ocrx_word' id='word_1_6' title='bbox 501 357 620 433; x_wconf 83' lang='lat' dir='ltr'>penitus</span> <span class='ocrx_word' id='word_1_7' title='bbox 644 354 818 435; x_wconf 89' lang='lat' dir='ltr'>corpuscula</span> <span class='ocrx_word' id='word_1_8' title='bbox 839 372 941 414; x_wconf 87' lang='lat' dir='ltr'>rerum</span> 
     </span>
    </p>

    <p class='ocr_par' dir='ltr' id='par_1_3' title="bbox 105 441 1118 611">
     <span class='ocr_line' id='line_1_3' title="bbox 105 441 1118 523; baseline -0.01 -12"><span class='ocrx_word' id='word_1_9' title='bbox 105 460 157 510; x_wconf 76' lang='lat'>205</span> <span class='ocrx_word' id='word_1_10' title='bbox 176 463 213 505; x_wconf 83' lang='lat' dir='ltr'>ex</span> <span class='ocrx_word' id='word_1_11' title='bbox 237 443 354 522; x_wconf 86' lang='lat' dir='ltr'>altoque</span> <span class='ocrx_word' id='word_1_12' title='bbox 377 443 457 503; x_wconf 85' lang='lat' dir='ltr'>toras</span> <span class='ocrx_word' id='word_1_13' title='bbox 479 446 651 523; x_wconf 88' lang='lat' dir='ltr'>mittuntur,</span> <span class='ocrx_word' id='word_1_14' title='bbox 673 442 745 503; x_wconf 89' lang='lat' dir='ltr'>solis</span> <span class='ocrx_word' id='word_1_15' title='bbox 767 445 812 504; x_wconf 91' lang='lat' dir='ltr'>uti</span> <span class='ocrx_word' id='word_1_16' title='bbox 834 441 884 503; x_wconf 85' lang='lat' dir='ltr'>lux</span> <span class='ocrx_word' id='word_1_17' title='bbox 1078 463 1118 501; x_wconf 77' lang='lat' dir='ltr'>roo</span> 
     </span>
     <span class='ocr_line' id='line_1_4' title="bbox 176 531 932 611; baseline -0.001 -20"><span class='ocrx_word' id='word_1_18' title='bbox 176 551 211 592; x_wconf 87' lang='lat' dir='ltr'>ac</span> <span class='ocrx_word' id='word_1_19' title='bbox 233 551 337 611; x_wconf 83' lang='lat' dir='ltr'>vapor,</span> <span class='ocrx_word' id='word_1_20' title='bbox 359 531 432 591; x_wconf 91' lang='lat' dir='ltr'>haee</span> <span class='ocrx_word' id='word_1_21' title='bbox 454 539 565 609; x_wconf 87' lang='lat' dir='ltr'>puncto</span> <span class='ocrx_word' id='word_1_22' title='bbox 588 539 752 592; x_wconf 88' lang='lat' dir='ltr'>cernuntur</span> <span class='ocrx_word' id='word_1_23' title='bbox 773 531 855 610; x_wconf 88' lang='lat' dir='ltr'>lapsa</span> <span class='ocrx_word' id='word_1_24' title='bbox 871 531 932 590; x_wconf 88' lang='lat' dir='ltr'>diei</span> 
     </span>
    </p>

    <p class='ocr_par' dir='ltr' id='par_1_4' title="bbox 103 618 873 700">
     <span class='ocr_line' id='line_1_5' title="bbox 103 618 873 700; baseline -0.003 -20"><span class='ocrx_word' id='word_1_25' title='bbox 103 636 162 688; x_wconf 81' lang='lat'>200</span> <span class='ocrx_word' id='word_1_26' title='bbox 174 638 230 700; x_wconf 92' lang='lat' dir='ltr'>per</span> <span class='ocrx_word' id='word_1_27' title='bbox 253 628 347 680; x_wconf 90' lang='lat' dir='ltr'>totum</span> <span class='ocrx_word' id='word_1_28' title='bbox 370 618 445 679; x_wconf 89' lang='lat' dir='ltr'>caeli</span> <span class='ocrx_word' id='word_1_29' title='bbox 467 621 595 699; x_wconf 87' lang='lat' dir='ltr'>spatium</span> <span class='ocrx_word' id='word_1_30' title='bbox 618 619 783 679; x_wconf 79' lang='lat' dir='ltr'>diffundere</span> <span class='ocrx_word' id='word_1_31' title='bbox 806 636 873 678; x_wconf 91' lang='lat' dir='ltr'>sese</span> 
     </span>
    </p>

    <p class='ocr_par' dir='ltr' id='par_1_5' title="bbox 105 707 1117 876">
     <span class='ocr_line' id='line_1_6' title="bbox 105 707 1117 788; baseline -0.002 -21"><span class='ocrx_word' id='word_1_32' title='bbox 105 725 162 776; x_wconf 85' lang='lat'>187</span> <span class='ocrx_word' id='word_1_33' title='bbox 175 726 289 788; x_wconf 85' lang='lat' dir='ltr'>perque</span> <span class='ocrx_word' id='word_1_34' title='bbox 312 707 410 767; x_wconf 81' lang='lat' dir='ltr'>volare</span> <span class='ocrx_word' id='word_1_35' title='bbox 432 725 514 768; x_wconf 89' lang='lat' dir='ltr'>mare</span> <span class='ocrx_word' id='word_1_36' title='bbox 537 726 571 768; x_wconf 90' lang='lat' dir='ltr'>ac</span> <span class='ocrx_word' id='word_1_37' title='bbox 593 715 689 767; x_wconf 86' lang='lat' dir='ltr'>terras</span> <span class='ocrx_word' id='word_1_38' title='bbox 713 707 883 784; x_wconf 88' lang='lat' dir='ltr'>caelumque</span> <span class='ocrx_word' id='word_1_39' title='bbox 906 708 1018 784; x_wconf 90' lang='lat' dir='ltr'>rigare:</span> <span class='ocrx_word' id='word_1_40' title='bbox 1078 727 1117 766; x_wconf 75' lang='lat' dir='ltr'>soe</span> 
     </span>
     <span class='ocr_line' id='line_1_7' title="bbox 177 790 1016 876; baseline -0.004 -20"><span class='ocrx_word' id='word_1_41' title='bbox 177 797 249 875; x_wconf 93' lang='lat' dir='ltr'>quid</span> <span class='ocrx_word' id='word_1_42' title='bbox 273 814 347 876; x_wconf 87' lang='lat' dir='ltr'>quae</span> <span class='ocrx_word' id='word_1_43' title='bbox 371 802 443 855; x_wconf 87' lang='lat' dir='ltr'>sunt</span> <span class='ocrx_word' id='word_1_44' title='bbox 463 797 554 874; x_wconf 90' lang='lat' dir='ltr'>igitur</span> <span class='ocrx_word' id='word_1_45' title='bbox 576 797 635 855; x_wconf 85' lang='lat' dir='ltr'>ianr</span> <span class='ocrx_word' id='word_1_46' title='bbox 657 797 753 874; x_wconf 90' lang='lat' dir='ltr'>prima</span> <span class='ocrx_word' id='word_1_47' title='bbox 775 796 871 854; x_wconf 82' lang='lat' dir='ltr'>fronte</span> <span class='ocrx_word' id='word_1_48' title='bbox 893 790 1016 872; x_wconf 84' lang='lat' dir='ltr'>parata?</span> 
     </span>
    </p>

    <p class='ocr_par' dir='ltr' id='par_1_6' title="bbox 106 882 1116 1049">
     <span class='ocr_line' id='line_1_8' title="bbox 106 882 1116 961; baseline -0.007 -12"><span class='ocrx_word' id='word_1_49' title='bbox 106 901 160 950; x_wconf 79' lang='lat'>210</span> <span class='ocrx_word' id='word_1_50' title='bbox 177 902 246 944; x_wconf 88' lang='lat' dir='ltr'>cum</span> <span class='ocrx_word' id='word_1_51' title='bbox 269 886 419 944; x_wconf 87' lang='lat' dir='ltr'>iaciuntur</span> <span class='ocrx_word' id='word_1_52' title='bbox 440 890 472 943; x_wconf 90' lang='lat' dir='ltr'>et</span> <span class='ocrx_word' id='word_1_53' title='bbox 493 886 636 944; x_wconf 91' lang='lat' dir='ltr'>emissum</span> <span class='ocrx_word' id='word_1_54' title='bbox 659 902 708 943; x_wconf 91' lang='lat' dir='ltr'>res</span> <span class='ocrx_word' id='word_1_55' title='bbox 731 882 811 943; x_wconf 94' lang='lat' dir='ltr'>nulla</span> <span class='ocrx_word' id='word_1_56' title='bbox 832 888 978 961; x_wconf 85' lang='lat' dir='ltr'>moratur,</span> <span class='ocrx_word' id='word_1_57' title='bbox 1077 901 1116 942; x_wconf 79' lang='lat' dir='ltr'>ros</span> 
     </span>
     <span class='ocr_line' id='line_1_9' title="bbox 178 969 885 1049; baseline -0.003 -17"><span class='ocrx_word' id='word_1_58' title='bbox 178 990 277 1032; x_wconf 89' lang='lat' dir='ltr'>nonne</span> <span class='ocrx_word' id='word_1_59' title='bbox 298 972 382 1031; x_wconf 80' lang='lat' dir='ltr'>vides</span> <span class='ocrx_word' id='word_1_60' title='bbox 405 974 493 1032; x_wconf 92' lang='lat' dir='ltr'>citius</span> <span class='ocrx_word' id='word_1_61' title='bbox 517 971 626 1031; x_wconf 88' lang='lat' dir='ltr'>debere</span> <span class='ocrx_word' id='word_1_62' title='bbox 650 978 681 1031; x_wconf 91' lang='lat' dir='ltr'>et</span> <span class='ocrx_word' id='word_1_63' title='bbox 702 969 818 1049; x_wconf 86' lang='lat' dir='ltr'>longius</span> <span class='ocrx_word' id='word_1_64' title='bbox 841 973 885 1030; x_wconf 90' lang='lat' dir='ltr'>ire</span> 
     </span>
    </p>

    <p class='ocr_par' dir='ltr' id='par_1_7' title="bbox 105 1057 1069 1314">
     <span class='ocr_line' id='line_1_10' title="bbox 105 1057 973 1139; baseline -0.005 -19"><span class='ocrx_word' id='word_1_65' title='bbox 105 1076 162 1128; x_wconf 82' lang='lat'>205</span> <span class='ocrx_word' id='word_1_66' title='bbox 175 1059 389 1139; x_wconf 81' lang='lat' dir='ltr'>multiplexque</span> <span class='ocrx_word' id='word_1_67' title='bbox 412 1058 470 1119; x_wconf 92' lang='lat' dir='ltr'>loci</span> <span class='ocrx_word' id='word_1_68' title='bbox 492 1062 621 1137; x_wconf 92' lang='lat' dir='ltr'>spatium</span> <span class='ocrx_word' id='word_1_69' title='bbox 643 1066 846 1119; x_wconf 79' lang='lat' dir='ltr'>transcurrere</span> <span class='ocrx_word' id='word_1_70' title='bbox 869 1057 973 1119; x_wconf 88' lang='lat' dir='ltr'>eodem</span> 
     </span>
     <span class='ocr_line' id='line_1_11' title="bbox 177 1141 974 1227; baseline -0.004 -19"><span class='ocrx_word' id='word_1_71' title='bbox 177 1156 311 1227; x_wconf 80' lang='lat' dir='ltr'>tempore</span> <span class='ocrx_word' id='word_1_72' title='bbox 334 1165 393 1226; x_wconf 95' lang='lat' dir='ltr'>quo</span> <span class='ocrx_word' id='word_1_73' title='bbox 417 1146 488 1206; x_wconf 94' lang='lat' dir='ltr'>solis</span> <span class='ocrx_word' id='word_1_74' title='bbox 510 1147 682 1225; x_wconf 86' lang='lat' dir='ltr'>pervolgant</span> <span class='ocrx_word' id='word_1_75' title='bbox 704 1146 816 1207; x_wconf 90' lang='lat' dir='ltr'>lumina</span> <span class='ocrx_word' id='word_1_76' title='bbox 837 1141 974 1206; x_wconf 80' lang='lat' dir='ltr'>eaelum?</span> 
     </span>
     <span class='ocr_line' id='line_1_12' title="bbox 178 1233 1069 1314; baseline -0.004 -18"><span class='ocrx_word' id='word_1_77' title='bbox 178 1235 235 1296; x_wconf 91' lang='lat' dir='ltr'>hoc</span> <span class='ocrx_word' id='word_1_78' title='bbox 258 1237 346 1296; x_wconf 89' lang='lat' dir='ltr'>etiam</span> <span class='ocrx_word' id='word_1_79' title='bbox 369 1236 528 1314; x_wconf 89' lang='lat' dir='ltr'>inprimis</span> <span class='ocrx_word' id='word_1_80' title='bbox 551 1237 702 1314; x_wconf 86' lang='lat' dir='ltr'>specimen</span> <span class='ocrx_word' id='word_1_81' title='bbox 724 1253 828 1295; x_wconf 86' lang='lat' dir='ltr'>verum</span> <span class='ocrx_word' id='word_1_82' title='bbox 850 1252 916 1294; x_wconf 90' lang='lat' dir='ltr'>esse</span> <span class='ocrx_word' id='word_1_83' title='bbox 938 1233 1069 1313; x_wconf 84' lang='lat' dir='ltr'>videtur,</span> 
     </span>
    </p>

    <p class='ocr_par' dir='ltr' id='par_1_8' title="bbox 108 1322 1116 1490">
     <span class='ocr_line' id='line_1_13' title="bbox 108 1322 1116 1402; baseline -0.007 -13"><span class='ocrx_word' id='word_1_84' title='bbox 108 1339 160 1389; x_wconf 81' lang='lat'>215</span> <span class='ocrx_word' id='word_1_85' title='bbox 179 1341 267 1402; x_wconf 90' lang='lat' dir='ltr'>quam</span> <span class='ocrx_word' id='word_1_86' title='bbox 290 1324 381 1384; x_wconf 88' lang='lat' dir='ltr'>celeri</span> <span class='ocrx_word' id='word_1_87' title='bbox 403 1330 485 1383; x_wconf 89' lang='lat' dir='ltr'>motu</span> <span class='ocrx_word' id='word_1_88' title='bbox 507 1341 609 1383; x_wconf 90' lang='lat' dir='ltr'>rerum</span> <span class='ocrx_word' id='word_1_89' title='bbox 632 1322 789 1383; x_wconf 90' lang='lat' dir='ltr'>simulacra</span> <span class='ocrx_word' id='word_1_90' title='bbox 811 1322 957 1402; x_wconf 84' lang='lat' dir='ltr'>serantur,</span> <span class='ocrx_word' id='word_1_91' title='bbox 1078 1344 1116 1383; x_wconf 80' lang='lat' dir='ltr'>no</span> 
     </span>
     <span class='ocr_line' id='line_1_14' title="bbox 179 1409 1007 1490; baseline -0.001 -19"><span class='ocrx_word' id='word_1_92' title='bbox 179 1411 258 1490; x_wconf 93' lang='lat' dir='ltr'>quod</span> <span class='ocrx_word' id='word_1_93' title='bbox 282 1411 426 1472; x_wconf 91' lang='lat' dir='ltr'>simulac</span> <span class='ocrx_word' id='word_1_94' title='bbox 449 1413 579 1489; x_wconf 88' lang='lat' dir='ltr'>primum</span> <span class='ocrx_word' id='word_1_95' title='bbox 602 1411 658 1471; x_wconf 88' lang='lat' dir='ltr'>sub</span> <span class='ocrx_word' id='word_1_96' title='bbox 682 1411 733 1471; x_wconf 92' lang='lat' dir='ltr'>diu</span> <span class='ocrx_word' id='word_1_97' title='bbox 756 1409 897 1489; x_wconf 83' lang='lat' dir='ltr'>splendor</span> <span class='ocrx_word' id='word_1_98' title='bbox 918 1412 1007 1488; x_wconf 87' lang='lat' dir='ltr'>aquai</span> 
     </span>
    </p>

    <p class='ocr_par' dir='ltr' id='par_1_9' title="bbox 108 1498 1013 1754">
     <span class='ocr_line' id='line_1_15' title="bbox 108 1498 875 1580; baseline -0.01 -14"><span class='ocrx_word' id='word_1_99' title='bbox 108 1513 165 1566; x_wconf 81' lang='lat'>210</span> <span class='ocrx_word' id='word_1_100' title='bbox 178 1501 311 1580; x_wconf 87' lang='lat' dir='ltr'>ponitur,</span> <span class='ocrx_word' id='word_1_101' title='bbox 334 1498 481 1578; x_wconf 86' lang='lat' dir='ltr'>extemplo</span> <span class='ocrx_word' id='word_1_102' title='bbox 505 1499 586 1560; x_wconf 92' lang='lat' dir='ltr'>caelo</span> <span class='ocrx_word' id='word_1_103' title='bbox 610 1498 745 1559; x_wconf 88' lang='lat' dir='ltr'>stellante</span> <span class='ocrx_word' id='word_1_104' title='bbox 770 1516 875 1558; x_wconf 87' lang='lat' dir='ltr'>serena</span> 
     </span>
     <span class='ocr_line' id='line_1_16' title="bbox 180 1586 933 1666; baseline 0 -20"><span class='ocrx_word' id='word_1_105' title='bbox 180 1586 277 1647; x_wconf 88' lang='lat' dir='ltr'>sidera</span> <span class='ocrx_word' id='word_1_106' title='bbox 300 1587 482 1666; x_wconf 92' lang='lat' dir='ltr'>respondent</span> <span class='ocrx_word' id='word_1_107' title='bbox 503 1590 535 1647; x_wconf 93' lang='lat' dir='ltr'>in</span> <span class='ocrx_word' id='word_1_108' title='bbox 558 1605 633 1666; x_wconf 85' lang='lat' dir='ltr'>aqua</span> <span class='ocrx_word' id='word_1_109' title='bbox 655 1587 800 1648; x_wconf 80' lang='lat' dir='ltr'>radiantia</span> <span class='ocrx_word' id='word_1_110' title='bbox 822 1586 933 1647; x_wconf 86' lang='lat' dir='ltr'>mundi</span> 
     </span>
     <span class='ocr_line' id='line_1_17' title="bbox 180 1674 1013 1754; baseline -0.001 -20"><span class='ocrx_word' id='word_1_111' title='bbox 180 1676 276 1734; x_wconf 92' lang='lat' dir='ltr'>iamne</span> <span class='ocrx_word' id='word_1_112' title='bbox 299 1674 381 1734; x_wconf 83' lang='lat' dir='ltr'>vides</span> <span class='ocrx_word' id='word_1_113' title='bbox 403 1676 496 1752; x_wconf 89' lang='lat' dir='ltr'>igitur</span> <span class='ocrx_word' id='word_1_114' title='bbox 518 1693 606 1753; x_wconf 88' lang='lat' dir='ltr'>quam</span> <span class='ocrx_word' id='word_1_115' title='bbox 628 1681 738 1754; x_wconf 91' lang='lat' dir='ltr'>puncto</span> <span class='ocrx_word' id='word_1_116' title='bbox 760 1681 894 1753; x_wconf 91' lang='lat' dir='ltr'>tempore</span> <span class='ocrx_word' id='word_1_117' title='bbox 917 1676 1013 1752; x_wconf 84' lang='lat' dir='ltr'>imago</span> 
     </span>
    </p>

    <p class='ocr_par' dir='ltr' id='par_1_10' title="bbox 109 1757 1116 1928">
     <span class='ocr_line' id='line_1_18' title="bbox 109 1757 1116 1828; baseline -0.002 -2"><span class='ocrx_word' id='word_1_118' title='bbox 109 1777 162 1828; x_wconf 74' lang='lat'>220</span> <span class='ocrx_word' id='word_1_119' title='bbox 180 1761 309 1821; x_wconf 86' lang='lat' dir='ltr'>aetheris</span> <span class='ocrx_word' id='word_1_120' title='bbox 331 1780 367 1820; x_wconf 81' lang='lat' dir='ltr'>ex</span> <span class='ocrx_word' id='word_1_121' title='bbox 391 1763 453 1820; x_wconf 93' lang='lat' dir='ltr'>oris</span> <span class='ocrx_word' id='word_1_122' title='bbox 475 1763 506 1821; x_wconf 92' lang='lat' dir='ltr'>in</span> <span class='ocrx_word' id='word_1_123' title='bbox 529 1770 676 1823; x_wconf 88' lang='lat' dir='ltr'>terrarum</span> <span class='ocrx_word' id='word_1_124' title='bbox 699 1762 813 1823; x_wconf 90' lang='lat' dir='ltr'>accidat</span> <span class='ocrx_word' id='word_1_125' title='bbox 835 1757 923 1821; x_wconf 82' lang='lat' dir='ltr'>oras‘?</span> <span class='ocrx_word' id='word_1_126' title='bbox 1079 1783 1116 1824; x_wconf 76' lang='lat'>215</span> 
     </span>
     <span class='ocr_line' id='line_1_19' title="bbox 180 1850 1010 1928; baseline 0.001 -19"><span class='ocrx_word' id='word_1_127' title='bbox 180 1866 272 1928; x_wconf 91' lang='lat' dir='ltr'>quare</span> <span class='ocrx_word' id='word_1_128' title='bbox 295 1850 382 1909; x_wconf 86' lang='lat' dir='ltr'>etiam</span> <span class='ocrx_word' id='word_1_129' title='bbox 406 1856 493 1927; x_wconf 92' lang='lat' dir='ltr'>atque</span> <span class='ocrx_word' id='word_1_130' title='bbox 517 1853 605 1911; x_wconf 89' lang='lat' dir='ltr'>etiam</span> <span class='ocrx_word' id='word_1_131' title='bbox 627 1854 702 1911; x_wconf 90' lang='lat' dir='ltr'>mira</span> <span class='ocrx_word' id='word_1_132' title='bbox 725 1851 835 1911; x_wconf 82' lang='lat' dir='ltr'>fateare</span> <span class='ocrx_word' id='word_1_133' title='bbox 857 1857 1010 1911; x_wconf 79' lang='lat' dir='ltr'>necessest</span> 
     </span>
    </p>

    <p class='ocr_par' dir='ltr' id='par_1_11' title="bbox 605 1959 624 1994">
     <span class='ocr_line' id='line_1_20' title="bbox 605 1959 624 1994; baseline 0 -6"><span class='ocrx_word' id='word_1_134' title='bbox 605 1959 624 1994; x_wconf 79' lang='grc'>*</span> 
     </span>
    </p>

    <p class='ocr_par' dir='ltr' id='par_1_12' title="bbox 109 2024 1117 2194">
     <span class='ocr_line' id='line_1_21' title="bbox 109 2024 1117 2104; baseline -0.004 -12"><span class='ocrx_word' id='word_1_135' title='bbox 109 2039 166 2092; x_wconf 80' lang='lat'>237</span> <span class='ocrx_word' id='word_1_136' title='bbox 180 2043 260 2086; x_wconf 91' lang='lat' dir='ltr'>nunc</span> <span class='ocrx_word' id='word_1_137' title='bbox 283 2043 414 2104; x_wconf 88' lang='lat' dir='ltr'>eaquae</span> <span class='ocrx_word' id='word_1_138' title='bbox 437 2024 503 2086; x_wconf 92' lang='lat' dir='ltr'>dico</span> <span class='ocrx_word' id='word_1_139' title='bbox 526 2044 627 2087; x_wconf 90' lang='lat' dir='ltr'>rerum</span> <span class='ocrx_word' id='word_1_140' title='bbox 651 2026 807 2088; x_wconf 89' lang='lat' dir='ltr'>simulacra</span> <span class='ocrx_word' id='word_1_141' title='bbox 829 2026 966 2087; x_wconf 85' lang='lat' dir='ltr'>teruntur</span> <span class='ocrx_word' id='word_1_142' title='bbox 1081 2049 1117 2088; x_wconf 79' lang='lat' dir='ltr'>aas</span> 
     </span>
     <span class='ocr_line' id='line_1_22' title="bbox 180 2111 976 2194; baseline 0.003 -22"><span class='ocrx_word' id='word_1_143' title='bbox 180 2111 311 2190; x_wconf 89' lang='lat' dir='ltr'>undique</span> <span class='ocrx_word' id='word_1_144' title='bbox 334 2119 364 2173; x_wconf 89' lang='lat' dir='ltr'>et</span> <span class='ocrx_word' id='word_1_145' title='bbox 386 2116 418 2174; x_wconf 94' lang='lat' dir='ltr'>in</span> <span class='ocrx_word' id='word_1_146' title='bbox 440 2121 561 2174; x_wconf 90' lang='lat' dir='ltr'>cunctas</span> <span class='ocrx_word' id='word_1_147' title='bbox 584 2116 732 2175; x_wconf 89' lang='lat' dir='ltr'>iaciuntur</span> <span class='ocrx_word' id='word_1_148' title='bbox 755 2114 848 2175; x_wconf 91' lang='lat' dir='ltr'>didita</span> <span class='ocrx_word' id='word_1_149' title='bbox 869 2116 976 2194; x_wconf 82' lang='lat' dir='ltr'>partis3</span> 
     </span>
    </p>

    <p class='ocr_par' dir='ltr' id='par_1_13' title="bbox 110 2202 1118 2282">
     <span class='ocr_line' id='line_1_23' title="bbox 110 2202 1118 2282; baseline 0.004 -22"><span class='ocrx_word' id='word_1_150' title='bbox 110 2213 167 2266; x_wconf 70' lang='lat'>240</span> <span class='ocrx_word' id='word_1_151' title='bbox 180 2206 337 2280; x_wconf 88' lang='lat' dir='ltr'>propterea</span> <span class='ocrx_word' id='word_1_152' title='bbox 360 2202 393 2261; x_wconf 86' lang='lat' dir='ltr'>fit</span> <span class='ocrx_word' id='word_1_153' title='bbox 415 2203 472 2281; x_wconf 89' lang='lat' dir='ltr'>uti,</span> <span class='ocrx_word' id='word_1_154' title='bbox 495 2203 625 2280; x_wconf 88' lang='lat' dir='ltr'>speciem</span> <span class='ocrx_word' id='word_1_155' title='bbox 649 2220 707 2280; x_wconf 92' lang='lat' dir='ltr'>quo</span> <span class='ocrx_word' id='word_1_156' title='bbox 729 2205 886 2282; x_wconf 86' lang='lat' dir='ltr'>vertimus,</span> <span class='ocrx_word' id='word_1_157' title='bbox 909 2219 1013 2262; x_wconf 91' lang='lat' dir='ltr'>omnes</span> <span class='ocrx_word' id='word_1_158' title='bbox 1042 2237 1046 2244; x_wconf 91' lang='lat'>·</span> <span class='ocrx_word' id='word_1_159' title='bbox 1081 2226 1118 2264; x_wconf 77' lang='lat' dir='ltr'>m</span> 
     </span>
    </p>

    <p class='ocr_par' dir='ltr' id='par_1_14' title="bbox 111 2286 1118 2457">
     <span class='ocr_line' id='line_1_24' title="bbox 111 2286 1118 2369; baseline 0.002 -19"><span class='ocrx_word' id='word_1_160' title='bbox 111 2301 162 2352; x_wconf 74' lang='lat' dir='ltr'>tto</span> <span class='ocrx_word' id='word_1_161' title='bbox 181 2304 230 2346; x_wconf 88' lang='lat' dir='ltr'>res</span> <span class='ocrx_word' id='word_1_162' title='bbox 253 2286 295 2346; x_wconf 90' lang='lat' dir='ltr'>ibi</span> <span class='ocrx_word' id='word_1_163' title='bbox 318 2306 383 2348; x_wconf 91' lang='lat' dir='ltr'>eam</span> <span class='ocrx_word' id='word_1_164' title='bbox 405 2296 508 2349; x_wconf 88' lang='lat' dir='ltr'>contra</span> <span class='ocrx_word' id='word_1_165' title='bbox 530 2290 638 2350; x_wconf 84' lang='lat' dir='ltr'>feriant</span> <span class='ocrx_word' id='word_1_166' title='bbox 660 2291 754 2350; x_wconf 83' lang='lat' dir='ltr'>forma</span> <span class='ocrx_word' id='word_1_167' title='bbox 777 2298 863 2369; x_wconf 88' lang='lat' dir='ltr'>atque</span> <span class='ocrx_word' id='word_1_168' title='bbox 888 2288 994 2350; x_wconf 89' lang='lat' dir='ltr'>colore.</span> <span class='ocrx_word' id='word_1_169' title='bbox 1082 2314 1118 2352; x_wconf 81' lang='lat' dir='ltr'>su</span> 
     </span>
     <span class='ocr_line' id='line_1_25' title="bbox 181 2375 953 2457; baseline 0.006 -24"><span class='ocrx_word' id='word_1_170' title='bbox 181 2392 284 2434; x_wconf 83' lang='lat' dir='ltr'>verum</span> <span class='ocrx_word' id='word_1_171' title='bbox 306 2393 360 2436; x_wconf 92' lang='lat' dir='ltr'>nos</span> <span class='ocrx_word' id='word_1_172' title='bbox 383 2375 477 2436; x_wconf 89' lang='lat' dir='ltr'>oculis</span> <span class='ocrx_word' id='word_1_173' title='bbox 501 2380 570 2456; x_wconf 92' lang='lat' dir='ltr'>quia</span> <span class='ocrx_word' id='word_1_174' title='bbox 592 2377 664 2438; x_wconf 91' lang='lat' dir='ltr'>solis</span> <span class='ocrx_word' id='word_1_175' title='bbox 687 2396 809 2438; x_wconf 90' lang='lat' dir='ltr'>eernere</span> <span class='ocrx_word' id='word_1_176' title='bbox 834 2380 953 2457; x_wconf 90' lang='lat' dir='ltr'>quimus</span> 
     </span>
    </p>

    <p class='ocr_par' dir='ltr' id='par_1_15' title="bbox 604 2485 622 2524">
     <span class='ocr_line' id='line_1_26' title="bbox 604 2485 622 2524; baseline 0 0"><span class='ocrx_word' id='word_1_177' title='bbox 604 2485 622 2524; x_wconf 71' lang='lat' dir='ltr'>r</span> 
     </span>
    </p>

    <p class='ocr_par' dir='ltr' id='par_1_16' title="bbox 182 2553 1007 2809">
     <span class='ocr_line' id='line_1_27' title="bbox 182 2553 1007 2635; baseline 0.008 -28"><span class='ocrx_word' id='word_1_178' title='bbox 182 2556 212 2608; x_wconf 92' lang='lat' dir='ltr'>et</span> <span class='ocrx_word' id='word_1_179' title='bbox 235 2557 376 2626; x_wconf 86' lang='lat' dir='ltr'>quantum</span> <span class='ocrx_word' id='word_1_180' title='bbox 399 2569 533 2631; x_wconf 89' lang='lat' dir='ltr'>quaeque</span> <span class='ocrx_word' id='word_1_181' title='bbox 556 2553 592 2613; x_wconf 89' lang='lat' dir='ltr'>ab</span> <span class='ocrx_word' id='word_1_182' title='bbox 615 2553 701 2615; x_wconf 90' lang='lat' dir='ltr'>nobis</span> <span class='ocrx_word' id='word_1_183' title='bbox 724 2571 774 2614; x_wconf 89' lang='lat' dir='ltr'>res</span> <span class='ocrx_word' id='word_1_184' title='bbox 797 2553 886 2635; x_wconf 90' lang='lat' dir='ltr'>absit,</span> <span class='ocrx_word' id='word_1_185' title='bbox 910 2557 1007 2632; x_wconf 89' lang='lat' dir='ltr'>imago</span> 
     </span>
     <span class='ocr_line' id='line_1_28' title="bbox 183 2635 898 2703; baseline 0.011 -8"><span class='ocrx_word' id='word_1_186' title='bbox 183 2635 273 2696; x_wconf 84' lang='lat' dir='ltr'>elssoit</span> <span class='ocrx_word' id='word_1_187' title='bbox 294 2643 328 2696; x_wconf 92' lang='lat' dir='ltr'>ut</span> <span class='ocrx_word' id='word_1_188' title='bbox 351 2637 500 2700; x_wconf 89' lang='lat' dir='ltr'>videamus</span> <span class='ocrx_word' id='word_1_189' title='bbox 523 2646 553 2700; x_wconf 87' lang='lat' dir='ltr'>et</span> <span class='ocrx_word' id='word_1_190' title='bbox 575 2643 777 2703; x_wconf 89' lang='lat' dir='ltr'>internoscere</span> <span class='ocrx_word' id='word_1_191' title='bbox 801 2649 898 2703; x_wconf 87' lang='lat' dir='ltr'>curat:</span> 
     </span>
     <span class='ocr_line' id='line_1_29' title="bbox 183 2726 984 2809; baseline 0.01 -27"><span class='ocrx_word' id='word_1_192' title='bbox 183 2739 250 2782; x_wconf 89' lang='lat' dir='ltr'>nam</span> <span class='ocrx_word' id='word_1_193' title='bbox 274 2741 340 2784; x_wconf 89' lang='lat' dir='ltr'>cum</span> <span class='ocrx_word' id='word_1_194' title='bbox 363 2726 502 2807; x_wconf 80' lang='lat' dir='ltr'>mittitur,</span> <span class='ocrx_word' id='word_1_195' title='bbox 525 2728 671 2807; x_wconf 85' lang='lat' dir='ltr'>extemplo</span> <span class='ocrx_word' id='word_1_196' title='bbox 694 2730 843 2809; x_wconf 86' lang='lat' dir='ltr'>protrudit</span> <span class='ocrx_word' id='word_1_197' title='bbox 867 2732 984 2808; x_wconf 82' lang='lat' dir='ltr'>agitque</span> 
     </span>
    </p>

    <p class='ocr_par' dir='ltr' id='par_1_17' title="bbox 112 2813 992 2899">
     <span class='ocr_line' id='line_1_30' title="bbox 112 2813 992 2899; baseline 0.006 -25"><span class='ocrx_word' id='word_1_198' title='bbox 112 2824 165 2874; x_wconf 76' lang='lat'>2³0</span> <span class='ocrx_word' id='word_1_199' title='bbox 183 2813 251 2870; x_wconf 81' lang='lat' dir='ltr'>atra</span> <span class='ocrx_word' id='word_1_200' title='bbox 274 2813 325 2890; x_wconf 92' lang='lat' dir='ltr'>qui</span> <span class='ocrx_word' id='word_1_201' title='bbox 348 2813 426 2872; x_wconf 82' lang='lat' dir='ltr'>inter</span> <span class='ocrx_word' id='word_1_202' title='bbox 449 2831 481 2874; x_wconf 92' lang='lat' dir='ltr'>se</span> <span class='ocrx_word' id='word_1_203' title='bbox 504 2824 659 2894; x_wconf 89' lang='lat' dir='ltr'>cumquest</span> <span class='ocrx_word' id='word_1_204' title='bbox 682 2817 841 2897; x_wconf 87' lang='lat' dir='ltr'>oculosque</span> <span class='ocrx_word' id='word_1_205' title='bbox 864 2817 992 2899; x_wconf 74' lang='lat' dir='ltr'>locatur,</span> 
     </span>
    </p>

    <p class='ocr_par' dir='ltr' id='par_1_18' title="bbox 113 2899 1117 3160">
     <span class='ocr_line' id='line_1_31' title="bbox 113 2899 954 2983; baseline 0.005 -21"><span class='ocrx_word' id='word_1_206' title='bbox 113 2907 169 2962; x_wconf 72' lang='lat'>246</span> <span class='ocrx_word' id='word_1_207' title='bbox 183 2899 267 2976; x_wconf 88' lang='lat' dir='ltr'>isque</span> <span class='ocrx_word' id='word_1_208' title='bbox 291 2901 332 2959; x_wconf 89' lang='lat' dir='ltr'>ita</span> <span class='ocrx_word' id='word_1_209' title='bbox 353 2917 407 2978; x_wconf 89' lang='lat' dir='ltr'>per</span> <span class='ocrx_word' id='word_1_210' title='bbox 430 2908 545 2962; x_wconf 89' lang='lat' dir='ltr'>nostras</span> <span class='ocrx_word' id='word_1_211' title='bbox 568 2906 647 2964; x_wconf 91' lang='lat' dir='ltr'>acies</span> <span class='ocrx_word' id='word_1_212' title='bbox 669 2904 834 2983; x_wconf 86' lang='lat' dir='ltr'>perlabitur</span> <span class='ocrx_word' id='word_1_213' title='bbox 857 2908 954 2966; x_wconf 89' lang='lat' dir='ltr'>omnis</span> 
     </span>
     <span class='ocr_line' id='line_1_32' title="bbox 184 2988 952 3071; baseline 0.014 -27"><span class='ocrx_word' id='word_1_214' title='bbox 184 2992 213 3044; x_wconf 89' lang='lat' dir='ltr'>et</span> <span class='ocrx_word' id='word_1_215' title='bbox 236 2988 321 3064; x_wconf 88' lang='lat' dir='ltr'>quasi</span> <span class='ocrx_word' id='word_1_216' title='bbox 342 2994 493 3066; x_wconf 80' lang='lat' dir='ltr'>perterget</span> <span class='ocrx_word' id='word_1_217' title='bbox 514 2989 640 3069; x_wconf 89' lang='lat' dir='ltr'>pupillas</span> <span class='ocrx_word' id='word_1_218' title='bbox 663 3000 750 3071; x_wconf 90' lang='lat' dir='ltr'>atque</span> <span class='ocrx_word' id='word_1_219' title='bbox 773 2996 814 3053; x_wconf 94' lang='lat' dir='ltr'>ita</span> <span class='ocrx_word' id='word_1_220' title='bbox 836 2997 952 3055; x_wconf 85' lang='lat' dir='ltr'>transit</span> 
     </span>
     <span class='ocr_line' id='line_1_33' title="bbox 184 3075 1117 3160; baseline 0.014 -28"><span class='ocrx_word' id='word_1_221' title='bbox 184 3081 339 3151; x_wconf 89' lang='lat' dir='ltr'>propterea</span> <span class='ocrx_word' id='word_1_222' title='bbox 362 3075 394 3135; x_wconf 86' lang='lat' dir='ltr'>lit</span> <span class='ocrx_word' id='word_1_223' title='bbox 417 3079 461 3136; x_wconf 89' lang='lat' dir='ltr'>uti</span> <span class='ocrx_word' id='word_1_224' title='bbox 483 3077 633 3139; x_wconf 88' lang='lat' dir='ltr'>videamus</span> <span class='ocrx_word' id='word_1_225' title='bbox 657 3099 744 3158; x_wconf 90' lang='lat' dir='ltr'>quam</span> <span class='ocrx_word' id='word_1_226' title='bbox 766 3081 871 3160; x_wconf 89' lang='lat' dir='ltr'>procul</span> <span class='ocrx_word' id='word_1_227' title='bbox 893 3082 971 3143; x_wconf 85' lang='lat' dir='ltr'>absit</span> <span class='ocrx_word' id='word_1_228' title='bbox 1082 3106 1117 3146; x_wconf 76' lang='lat' dir='ltr'>sn</span> 
     </span>
    </p>
   </div>
   <div class='ocr_carea' id='block_1_3' title="bbox 185 3166 1214 3248">
    <p class='ocr_par' dir='ltr' id='par_1_19' title="bbox 185 3166 1214 3248">
     <span class='ocr_line' id='line_1_34' title="bbox 185 3166 1214 3248; baseline 0.014 -32"><span class='ocrx_word' id='word_1_229' title='bbox 185 3175 232 3218; x_wconf 85' lang='lat' dir='ltr'>res</span> <span class='ocrx_word' id='word_1_230' title='bbox 256 3177 396 3239; x_wconf 89' lang='lat' dir='ltr'>quaeque.</span> <span class='ocrx_word' id='word_1_231' title='bbox 434 3170 464 3224; x_wconf 92' lang='lat' dir='ltr'>et</span> <span class='ocrx_word' id='word_1_232' title='bbox 487 3166 683 3246; x_wconf 90' lang='lat' dir='ltr'>quantoplus</span> <span class='ocrx_word' id='word_1_233' title='bbox 707 3171 785 3229; x_wconf 74' lang='lat' dir='ltr'>airis</span> <span class='ocrx_word' id='word_1_234' title='bbox 809 3177 876 3231; x_wconf 89' lang='lat' dir='ltr'>ante</span> <span class='ocrx_word' id='word_1_235' title='bbox 900 3173 1030 3248; x_wconf 87' lang='lat' dir='ltr'>agitatur</span> <span class='ocrx_word' id='word_1_236' title='bbox 1083 3194 1118 3234; x_wconf 78' lang='lat' dir='ltr'>oo</span> <span class='ocrx_word' id='word_1_237' title='bbox 1213 3205 1214 3230; x_wconf 58' lang='lat' dir='ltr'>t</span> 
     </span>
    </p>
   </div>
   <div class='ocr_carea' id='block_1_4' title="bbox 115 3249 1117 3339">
    <p class='ocr_par' dir='ltr' id='par_1_20' title="bbox 115 3249 1117 3339">
     <span class='ocr_line' id='line_1_35' title="bbox 115 3249 1117 3339; baseline 0.016 -33"><span class='ocrx_word' id='word_1_238' title='bbox 115 3257 166 3307; x_wconf 77' lang='grc'>005</span> <span class='ocrx_word' id='word_1_239' title='bbox 185 3251 215 3304; x_wconf 87' lang='lat' dir='ltr'>ct</span> <span class='ocrx_word' id='word_1_240' title='bbox 237 3254 353 3308; x_wconf 83' lang='lat' dir='ltr'>nostros</span> <span class='ocrx_word' id='word_1_241' title='bbox 376 3249 476 3312; x_wconf 88' lang='lat' dir='ltr'>oeulos</span> <span class='ocrx_word' id='word_1_242' title='bbox 499 3261 649 3331; x_wconf 88' lang='lat' dir='ltr'>perterget</span> <span class='ocrx_word' id='word_1_243' title='bbox 670 3255 787 3334; x_wconf 88' lang='lat' dir='ltr'>longior</span> <span class='ocrx_word' id='word_1_244' title='bbox 809 3277 894 3339; x_wconf 88' lang='lat' dir='ltr'>aura,</span> <span class='ocrx_word' id='word_1_245' title='bbox 1082 3283 1117 3322; x_wconf 72' lang='lat' dir='ltr'>aar</span> 
     </span>
    </p>
   </div>
   <div class='ocr_carea' id='block_1_5' title="bbox 114 3333 1086 3516">
    <p class='ocr_par' dir='ltr' id='par_1_21' title="bbox 114 3333 1086 3516">
     <span class='ocr_line' id='line_1_36' title="bbox 114 3333 1086 3423; baseline 0.015 -29"><span class='ocrx_word' id='word_1_246' title='bbox 114 3341 166 3394; x_wconf 76' lang='lat'>251</span> <span class='ocrx_word' id='word_1_247' title='bbox 184 3336 243 3390; x_wconf 82' lang='lat' dir='ltr'>tam</span> <span class='ocrx_word' id='word_1_248' title='bbox 266 3333 368 3410; x_wconf 88' lang='lat' dir='ltr'>procul</span> <span class='ocrx_word' id='word_1_249' title='bbox 391 3354 456 3399; x_wconf 87' lang='grc'><strong>0000</strong></span> <span class='ocrx_word' id='word_1_250' title='bbox 479 3342 572 3418; x_wconf 89' lang='lat' dir='ltr'>magis</span> <span class='ocrx_word' id='word_1_251' title='bbox 595 3359 643 3402; x_wconf 89' lang='lat' dir='ltr'>res</span> <span class='ocrx_word' id='word_1_252' title='bbox 667 3362 800 3423; x_wconf 91' lang='lat' dir='ltr'>quaeque</span> <span class='ocrx_word' id='word_1_253' title='bbox 823 3354 937 3407; x_wconf 81' lang='lat' dir='ltr'>remota</span> <span class='ocrx_word' id='word_1_254' title='bbox 960 3348 1086 3408; x_wconf 83' lang='lat' dir='ltr'>videtur.</span> 
     </span>
     <span class='ocr_line' id='line_1_37' title="bbox 187 3417 973 3516; baseline 0.027 -40"><span class='ocrx_word' id='word_1_255' title='bbox 187 3417 312 3498; x_wconf 85' lang='lat' dir='ltr'>scillcet,</span> <span class='ocrx_word' id='word_1_256' title='bbox 334 3419 406 3483; x_wconf 79' lang='lat' dir='ltr'>haec</span> <span class='ocrx_word' id='word_1_257' title='bbox 429 3443 542 3487; x_wconf 88' lang='lat' dir='ltr'>summe</span> <span class='ocrx_word' id='word_1_258' title='bbox 566 3428 656 3490; x_wconf 89' lang='lat' dir='ltr'>celeri</span> <span class='ocrx_word' id='word_1_259' title='bbox 678 3434 792 3493; x_wconf 90' lang='lat' dir='ltr'>ratione</span> <span class='ocrx_word' id='word_1_260' title='bbox 815 3443 973 3516; x_wconf 89' lang='lat' dir='ltr'>geruntur,</span> 
     </span>
    </p>
   </div>
   <div class='ocr_carea' id='block_1_6' title="bbox 370 3506 867 3593">
    <p class='ocr_par' dir='ltr' id='par_1_22' title="bbox 370 3506 867 3593">
     <span class='ocr_line' id='line_1_38' title="bbox 370 3506 867 3593; baseline 0.03 -25"><span class='ocrx_word' id='word_1_261' title='bbox 370 3506 568 3593; x_wconf 76' lang='lat' dir='ltr'>[arr-229]</span> <span class='ocrx_word' id='word_1_262' title='bbox 586 3517 664 3576; x_wconf 51' lang='grc' dir='ltr'>εν</span> <span class='ocrx_word' id='word_1_263' title='bbox 683 3517 867 3583; x_wconf 75' lang='lat' dir='ltr'>oar-933.</span> 
     </span>
    </p>
   </div>
   <div class='ocr_carea' id='block_1_7' title="bbox 0 0 1260 3882">
    <p class='ocr_par' dir='ltr' id='par_1_23' title="bbox 0 0 1260 3882">
     <span class='ocr_line' id='line_1_39' title="bbox 0 0 1260 3882; baseline 0 0"><span class='ocrx_word' id='word_1_264' title='bbox 0 0 1260 3882; x_wconf 95' lang='lat' dir='ltr'> </span> 
     </span>
    </p>
   </div>
  </div>
 </body>
</html>
