2512 3874
598 239 637 294 VI
1060 239 1125 304 193

190 391 323 465 tempore
347 403 381 446 10
405 388 432 446 11
455 387 603 447 odoratast
626 405 684 465 quo
707 393 860 448 menstrua
883 386 977 448 solvit.

120 489 173 540 100
192 472 341 552 multaque
363 481 516 552 praeterea
538 473 705 553 languentia
728 473 860 535 membra
882 493 936 553 per
959 481 1039 535 artus

193 560 308 621 solvunt
330 569 417 640 atque
440 565 567 623 animam
588 561 764 625 labefactant
786 563 905 623 sedibus
928 566 1017 625 intus.

123 693 125 698 -
193 650 319 728 denique
343 652 369 710 si
392 649 494 711 calidis
517 653 606 712 etiam
629 659 767 712 cunctere
790 650 916 712 lavabris

118 745 179 795 800
191 736 307 816 plenior
330 745 360 798 et
382 738 487 819 lucris,
511 739 583 799 solio
606 739 746 800 ferventis
769 741 855 818 aquai
1084 761 1126 802 100

193 843 281 904 quam
303 825 388 885 lacile
410 829 442 886 in
464 828 560 888 medio
583 828 616 887 nt
638 830 683 888 uti
705 827 757 887 dos
780 846 866 906 saepe
889 825 1004 889 ruinas!

120 929 173 978 ‘195
193 913 411 992 carbonumque
435 917 530 992 gravis
554 917 598 975 vis
621 921 707 994 atque
731 916 804 976 odor
825 918 992 978 insinuatur

193 1019 281 1080 quam
298 1001 383 1062 facile
402 1005 433 1062 in
450 1003 613 1084 cerebrum,
632 1006 691 1064 nisi
706 1022 810 1082 aquam
823 1007 1028 1084 praecepimus
1042 1001 1124 1064 antel

193 1095 223 1150 at
245 1107 312 1150 cum
334 1089 466 1151 membra
487 1091 615 1152 bominis
637 1094 771 1170 percepit
794 1092 934 1152 fervidior
955 1094 1013 1173 vie,

615 1198 632 1236 ss

121 1270 179 1324 805
194 1272 256 1325 tum
280 1266 313 1327 fit
337 1265 408 1326 odor
430 1268 491 1326 vini
513 1265 614 1345 plagae
637 1266 801 1328 mactabilis
823 1269 923 1328 instar.
1085 1289 1125 1330 101

192 1371 289 1414 nonne
312 1354 395 1414 vides
418 1357 506 1415 etiam
528 1362 608 1416 terra
632 1373 747 1434 quoque
772 1354 874 1435 sulpur
897 1357 927 1415 in
950 1356 1014 1433 ipsa

121 1457 175 1508 800
193 1443 307 1519 gignier
331 1448 360 1502 et
381 1449 475 1502 taetro
499 1460 689 1504 concrescere
714 1442 802 1504 odore
825 1443 971 1523 bitumen3

193 1529 320 1608 denique
343 1529 395 1590 ubi
418 1532 531 1609 argenti
552 1549 641 1592 venas
664 1533 787 1610 aurique
813 1537 966 1612 secuntur,

122 1656 125 1663 -
192 1620 283 1678 terrai
304 1620 422 1696 penitus
446 1625 610 1679 scrutantes
633 1618 730 1679 abdita
752 1619 845 1700 lerro,

121 1713 178 1764 810
192 1705 286 1785 qualis
309 1708 424 1786 expiret
447 1706 636 1786 Scaptensula
662 1705 764 1768 subter
787 1703 913 1766 odores?
1085 1729 1126 1770 110

194 1794 300 1872 quidve
322 1794 392 1854 mali
414 1795 447 1855 lit
469 1803 503 1856 ut
525 1795 660 1856 exhalent
683 1801 783 1856 aurata
805 1793 933 1856 metalla!

122 1896 266 1961 80101111
288 1882 441 1943 hominum
463 1883 591 1944 reddunt
612 1884 702 1944 facies
726 1883 877 1962 qualisque
901 1879 1028 1943 coloresl

192 1987 289 2030 nonne
312 1970 394 2030 rides
417 1971 536 2030 audisve
559 1973 657 2048 perire
679 1973 711 2031 in
733 1978 865 2048 tempore
888 1989 977 2050 parvo

34 2075 37 2084 ·
121 2085 125 2102 ι
193 2075 280 2136 quam
304 2057 428 2137 soleant,
451 2063 481 2117 et
504 2076 590 2136 quam
613 2061 683 2118 vitai
706 2061 789 2135 copia
812 2057 902 2137 desit,

120 2152 176 2203 815
192 2163 266 2223 quos
290 2163 379 2222 opere
401 2148 433 2205 in
455 2144 506 2204 tali
529 2145 646 2205 cohibet
668 2147 712 2204 vis
734 2163 838 2222 magna
860 2139 1014 2205 necessis?
1084 2166 1125 2208 111

192 2233 247 2293 hos
270 2235 361 2311 igitur
382 2232 470 2293 tellus
494 2235 589 2292 omnis
613 2239 764 2293 exaestuat
786 2239 884 2292 aestus

121 2338 175 2387 810
193 2323 364 2399 expiratque
387 2321 520 2381 ferasin
543 2326 676 2400 apertum
698 2327 890 2401 promptaque
914 2318 995 2380 caeli.

213 2409 215 2414 ’
238 2409 288 2469 Sic
311 2415 341 2469 ct
362 2409 476 2470 Averna
498 2409 562 2469 loca
584 2408 702 2469 alitibus
726 2411 908 2469 summittere
932 2405 1041 2467 debent

121 2531 124 2540 ·
192 2497 374 2558 mortiferam
396 2500 468 2578 vim,
492 2497 528 2557 de
551 2504 629 2557 11111
653 2516 727 2576 quae
751 2499 846 2575 surgit
867 2499 899 2556 in
922 2513 1021 2578 aurae,

120 2592 180 2645 820
194 2593 227 2645 ut
250 2587 376 2665 spatium
400 2585 473 2646 caeli
496 2584 621 2664 quadam
644 2585 680 2646 de
701 2591 784 2665 parte
807 2591 945 2665 venenet,
1084 2604 1126 2646 ero

194 2691 251 2751 quo
275 2672 363 2734 simul
385 2693 418 2734 ac
440 2675 569 2753 primum
591 2675 697 2753 pennis
721 2672 815 2733 delata
838 2675 877 2733 sit
899 2672 972 2756 ales,

122 2775 174 2826 815
193 2761 370 2838 impediatur
393 2761 435 2824 ibi
457 2780 543 2823 caeco
567 2770 702 2841 correpta
724 2779 849 2843 veneno,

193 2855 227 2909 ut
249 2848 333 2910 cadat
355 2868 372 2910 e
395 2852 516 2928 regione
538 2849 608 2931 loci,
632 2868 688 2928 qua
711 2848 818 2927 derigit
840 2856 947 2910 aestus,

120 2957 125 2984 ³
195 2954 251 3015 quo
276 2956 342 2998 cum
365 2941 494 3019 conruit,
517 2937 566 2998 hic
588 2937 691 2997 eadem
714 2939 757 2997 vis
780 2937 860 2998 illius
884 2943 981 2996 aestus

121 3031 180 3084 825
191 3024 332 3103 reliquias
354 3028 430 3087 vitae
453 3025 593 3086 membris
618 3043 654 3085 ex
677 3023 813 3086 omnibus
836 3025 938 3085 aufert.
1084 3041 1126 3084 erc

194 3115 303 3192 quippe
330 3117 438 3176 etenim
464 3116 560 3194 primo
584 3115 668 3192 quasi
690 3113 836 3192 quendam
859 3113 974 3172 conciet
997 3116 1126 3170 aestum:

121 3215 173 3265 820
191 3203 340 3281 posterius
362 3203 396 3261 lit
418 3204 475 3284 uti,
498 3220 565 3263 cum
588 3204 647 3261 iam
669 3201 802 3262 cecidere
826 3201 932 3260 veneni

192 3292 224 3349 in
246 3289 336 3350 fontis
358 3291 452 3370 ipsos,
477 3289 521 3350 ibi
544 3291 582 3349 sit
605 3307 721 3367 quoque
744 3291 802 3350 vita
824 3287 966 3348 vomendo

119 3409 122 3421 ·
191 3384 348 3457 propterca
371 3377 449 3456 quod
471 3396 576 3456 magna
598 3377 668 3437 mali
690 3379 723 3436 fit
745 3379 828 3454 copia
851 3379 972 3437 circum.

119 3473 177 3526 830
235 3465 283 3526 Fit
297 3485 414 3545 quoque
424 3472 457 3527 ut
466 3466 615 3526 interdum
624 3467 668 3526 vis
677 3466 749 3525 haec
760 3472 845 3543 atque
857 3471 954 3525 aestus
964 3463 1072 3524 Averni
1086 3483 1127 3524 110

118 3593 122 3606 .
192 3559 273 3635 1111,
296 3558 347 3633 qui
370 3557 448 3617 inter
471 3557 532 3616 avis
555 3560 710 3634 cumquest
733 3559 900 3633 terramque
923 3551 1050 3633 locatus,

173 3664 317 3706 Luonxrrus.
331 3665 366 3706 sd.
380 3665 505 3717 Bulegor.
879 3657 911 3707 13
