2496 3876
486 212 767 270 PROLEGOMENA.
1065 215 1127 269 LIX

104 358 207 420 rebit.
256 376 335 420 nunc
367 357 404 418 ad
437 359 551 437 singula
578 360 676 420 redeo.
704 395 747 404 —
778 358 959 424 137-140.
987 360 1060 424 141.
1089 362 1125 422 de

117 446 295 521 anacolutho
313 465 338 507 v.
358 465 385 526 p.
400 446 473 507 XXI.
492 480 534 490 -
556 445 619 510 159
642 466 711 509 cum
728 454 857 512 certas
868 447 1010 528 pervertet
1025 448 1061 511 ie
1077 467 1127 511 res

106 536 236 604 ,Susem
250 534 316 613 Brg.
327 534 427 613 phiIol.
442 535 534 596 XXIX
546 533 621 598 421.
654 532 737 598 aldes
752 537 810 608 00.
825 538 889 598 cdd.
913 541 1022 617 inepte,
1042 541 1126 616 quasi

118 623 278 702 pleraeque
293 641 342 684 res
358 623 534 701 imaginibus
549 627 706 685 transitum
720 625 888 704 praebeant.
906 642 998 686 restes
1008 625 1125 686 Lctqus

119 714 152 772 in
167 711 267 790 philol.
281 711 330 770 Vll
343 730 371 790 p.
384 707 456 792 704,
474 714 544 773 vitio
554 719 719 793 perspecte,
737 731 796 773 non
811 720 953 774 correcto.
963 747 1005 757 —
1020 711 1082 775 160
1097 720 1127 773 et

121 795 187 862 165
213 801 334 862 vestem:
362 799 537 878 Oppenried.
562 820 586 861 a.
612 798 695 864 1841
723 799 846 882 cibum,
876 802 953 880 quod
981 819 1049 862 cum
1076 801 1126 862 alii

118 895 184 948 tum
193 887 246 947 Mr.
256 886 426 968 probarunt,
435 886 562 968 Lotzius,
574 888 622 950 hic
632 889 691 948 illis
701 892 822 969 cautior,
831 889 956 968 probare
966 907 1025 949 non
1036 907 1125 950 ausus

119 985 175 1036 est.
189 1009 232 1018 —
250 971 312 1038 165
321 981 481 1053 possunt
495 976 553 1047 00.
567 976 597 1037 P.
612 976 749 1057 Langen,
767 976 865 1056 philol.
880 977 995 1037 XXXIV
1010 975 1052 1039 28
1061 995 1124 1056 sqq.

117 1099 164 1107 -
178 1065 316 1142 possunt,
339 1063 475 1124 videlicet
499 1064 667 1146 simulacra,
690 1083 765 1144 quae
788 1084 824 1126 en
847 1067 891 1125 eis
914 1084 988 1144 quae
1012 1083 1125 1125 summa

118 1156 152 1214 in
180 1152 270 1212 rebus
298 1159 368 1212 sunt
394 1153 537 1213 confiunt:
562 1151 647 1230 potis
673 1155 718 1214 est
738 1152 799 1213 Lm.
818 1152 850 1212 B.
869 1153 921 1214 ΜΓ.
945 1153 996 1214 sed
1024 1154 1060 1214 cl.
1089 1152 1124 1213 ad

116 1238 232 1303 11951
261 1246 291 1300 et
318 1257 406 1317 supra
438 1259 467 1319 p.
490 1240 549 1301 XX.
573 1274 615 1283 —
642 1237 705 1302 180
730 1257 779 1302 res
805 1241 863 1303 lbi
890 1239 1070 1319 respondent
1092 1240 1124 1301 0.

116 1329 216 1389 Wlnn.
239 1327 305 1388 Mn:
332 1325 393 1388 sebi
416 1328 449 1398 Q.
467 1327 528 1388 Lm.
547 1328 578 1387 Β.
603 1361 645 1370 »-
671 1327 734 1390 184
755 1326 791 1389 io
813 1346 901 1407 quem
928 1347 1061 1407 quaeque
1083 1325 1125 1389 lo-

116 1433 189 1480 cum
207 1413 325 1478 diverso
341 1413 475 1476 momioe
497 1413 633 1476 modoet:
661 1414 789 1477 numine
806 1415 864 1488 00.
880 1417 932 1477 Μ1.
956 1415 1052 1478 teredii
1064 1416 1121 1487 00.

118 1523 239 1567 versum
266 1522 319 1565 suo
347 1503 412 1565 loco
439 1505 547 1564 retInet
572 1503 639 1584 Mn,
666 1504 738 1565 illud
765 1522 899 1583 quaeque
926 1512 1006 1565 recte
1034 1507 1125 1565 inter-

118 1600 260 1674 pretatus.
311 1599 378 1670 post
403 1589 465 1654 115
484 1585 565 1676 (155
587 1585 668 1674 Brg.)
697 1592 841 1654 collocant
866 1592 928 1652 Lm.
951 1592 997 1672 B,
1023 1590 1129 1654 medat

116 1681 294 1743 scribentes.
342 1676 403 1741 198
423 1698 466 1758 sq.
495 1678 577 1758 quod
596 1678 618 1762 †
638 1679 772 1759 possode
798 1697 901 1742 causo.
944 1681 1001 1741 hoc
1029 1699 1125 1759 neque

116 1788 224 1833 sanum
256 1768 373 1828 videtur
405 1785 470 1828 esse
502 1786 598 1847 neque
635 1769 729 1829 adhuc
765 1769 916 1831 emendari
946 1771 1050 1848 potuit.
1083 1802 1125 1810 —

120 1856 186 1922 195
199 1858 261 1918 Lm.
276 1856 308 1917 B.
327 1862 394 1935 post
407 1852 472 1917 205
489 1858 680 1937 transierunt,
697 1857 750 1918 Mr.
764 1864 844 1918 reete
859 1876 912 1918 suo
927 1856 991 1917 loco
1009 1859 1125 1917 retinet.

118 1981 163 1990 -
172 1944 236 2008 202
249 1942 365 2024 quaeis
372 1946 536 2024 peeeeaae
548 1947 719 2026 quecolse,
733 1945 869 2006 videlicet
875 1963 935 2024 per
944 1943 1026 2006 ceris
1034 1943 1127 2006 loter-

116 2032 274 2098 vallum..
293 2033 393 2112 philol.
413 2032 504 2094 XXIX
522 2032 600 2095 437:
619 2032 743 2111 quassas
757 2080 764 2095 .
779 2081 786 2094 .
804 2050 853 2095 res
869 2033 927 2104 00.
947 2033 1011 2095 edd.
1031 2033 1126 2113 vulgo,

113 2122 255 2188 absurde.
270 2155 313 2164 —
330 2117 395 2184 203
415 2113 506 2205 (Lm.)
525 2124 556 2181 in
576 2139 660 2182 suum
675 2121 771 2181 locum
790 2124 923 2200 reposuit
940 2121 1003 2201 Mn,
1021 2139 1037 2180 a
1055 2119 1125 2180 Ber-

119 2213 222 2290 naysio
240 2216 309 2289 post
324 2207 386 2271 188
403 2209 584 2270 collocatum.
608 2206 682 2289 202,
700 2207 765 2271 203
784 2203 863 2289 (208
877 2201 958 2290 Brg.)
976 2208 1127 2270 caetere

117 2317 178 2378 que
199 2296 303 2378 ripere
321 2297 392 2369 00³
420 2296 590 2375 circumque
611 2296 673 2356 Lm.
697 2329 739 2340 -
764 2294 826 2356 211
851 2312 972 2358 morene
995 2313 1069 2355 corr.
1093 2295 1126 2366 Q.

120 2388 217 2448 Blim:
244 2403 342 2466 qeoee
368 2386 426 2456 OQ.
445 2386 507 2446 Lm.
526 2386 557 2445 Β.
576 2385 628 2446 Μ1.
656 2417 699 2429 -
726 2381 791 2446 218
818 2381 922 2445 edera
947 2381 1130 2462 respondent

118 2474 157 2536 clo
179 2493 263 2553 aquo
281 2520 288 2535 .
303 2519 310 2534 .
325 2521 331 2534 .
349 2471 463 2538 1111111111
486 2474 545 2545 00.
566 2473 660 2552 vulgo.
679 2473 774 2533 ka.
793 2472 859 2533 Mn:
881 2471 995 2534 vovendo
1018 2470 1079 2532 Lm.
1094 2471 1126 2532 B.

121 2597 165 2606 -
185 2560 247 2623 221
266 2560 364 2624 mira
382 2559 501 2641 fateare
522 2563 700 2624 necessest*
718 2579 811 2640 paene
835 2568 949 2622 certum
972 2567 1017 2621 est
1039 2563 1070 2621 in
1092 2579 1126 2620 eo

120 2669 211 2712 versu
243 2651 294 2727 qui
326 2649 434 2710 excidit
468 2658 535 2730 post
567 2649 628 2711 221
662 2648 729 2727 Brg.
762 2650 853 2710 luisse
887 2646 1053 2711 mobile'lote
1084 2683 1127 2691 -

121 2734 408 2818 [217-229111.].
426 2745 580 2815 postquam
590 2737 745 2798 Lucretius
755 2740 975 2800 accuratissIme
990 2738 1026 2797 de
1037 2739 1127 2797 simu·

121 2828 210 2888 laeris
233 2828 306 2905 egit,
330 2825 531 2886 demonstrare
555 2844 620 2887 esse
643 2829 763 2886 omnino
782 2826 899 2887 clssuvia
919 2818 1126 2910 (ἀπορροίας)

120 2933 197 2996 quae
230 2931 335 2974 sensus
366 2912 560 2993 lacesserent,
593 2932 723 2975 summae
756 2921 835 2975 esset
867 2915 1002 2993 ineptiae.
1046 2919 1127 2972 recte

121 3006 214 3082 igitur
232 3002 327 3061 Wlmi.
355 3003 484 3080 itemque
513 3001 601 3062 Goeb.
625 3001 737 3062 observ.
760 3020 788 3081 p.
808 3000 851 3065 23
874 3018 976 3061 versus
1000 3017 1036 3060 ex
1059 2999 1076 3059 l.
1091 3000 1128 3059 Vl

122 3083 328 3175 (921-933)
343 3089 400 3150 huc
419 3090 574 3150 translatos
592 3089 706 3149 tollunt.
743 3090 822 3168 quod
842 3088 952 3148 Gellius
971 3094 1001 3148 et
1014 3087 1126 3148 Nonius

120 3181 170 3242 hle
202 3179 352 3258 legerunt,
384 3177 440 3238 hoc
467 3196 559 3238 unum
588 3177 715 3237 declarat
742 3180 800 3238 iam
828 3185 892 3237 tum
919 3177 1127 3255 interpolatum

121 3269 214 3330 luisse
246 3285 374 3327 carmen.
402 3299 444 3310 —
475 3264 539 3327 222
566 3265 635 3326 hInc
661 3264 743 3325 Blrm.
771 3265 942 3326 Lucretium
973 3266 1013 3324 ita
1044 3270 1127 3342 putat

122 3355 249 3436 capitula
268 3355 459 3434 disposuisse,
482 3361 515 3414 ut
533 3355 661 3433 primum
680 3353 784 3413 doceat
802 3353 872 3430 quid
892 3351 1048 3412 simulacra
1064 3351 1126 3409 elli-
1239 3409 1240 3432 ,

122 3446 209 3524 ciant,
220 3446 245 3503 si
259 3461 319 3503 non
334 3443 543 3522 Impediantnr:
559 3438 741 3519 239-268,
752 3439 857 3501 deinde
868 3440 904 3501 de
918 3438 1127 3518 impeditomm
1239 3437 1240 3452 ¹

122 3533 151 3591 vi
178 3538 208 3593 et
236 3532 342 3592 ellectu
370 3532 496 3594 disserat
518 3525 700 3591 299-322.
746 3524 933 3592 348-363;
956 3535 1019 3586 tum
1043 3527 1125 3602 sequi
