2496 3876
141 219 228 274 LXVI
504 219 784 276 protasome.

140 361 266 427 adoram
286 363 378 430 subet
397 365 528 430 ordei..
546 368 692 428 reaoetot
709 365 772 445 Mn,
793 363 925 429 illoram
946 365 984 428 ari
1006 367 1151 430 mosem

142 454 287 515 referens:
310 455 363 516 sod
381 456 522 516 feminino
542 473 615 534 opus
634 461 688 534 est,
708 457 792 515 utin
811 473 935 516 sexuum
953 457 1149 534 oppositione.

142 543 302 622 asyndeton
325 561 391 604 esse
413 540 503 604 subet
526 541 615 605 ardet
633 542 729 604 ka.
757 545 916 622 perspexit.
940 576 982 587 -
1007 539 1095 606 1185
1105 561 1150 622 sq.

141 629 358 694 commanem
379 649 471 709 parom
491 629 606 693 semine
623 675 653 692 ..
675 627 815 693 virilem
839 629 960 710 femiae
981 627 1048 693 aaa
1068 629 1151 713 vicit,

142 737 205 799 ego,
227 720 326 799 philol.
345 719 464 780 xxxin
481 716 556 782 448.
579 722 651 780 item
673 718 781 800 Bruno,
803 737 901 798 progr.
924 718 1032 798 Harbg.
1053 717 1151 782 1872.

140 805 227 872 vaila
245 807 303 880 00.
322 807 387 868 edd.
406 841 448 856 --
469 805 555 870 1200
573 827 591 866 ιι
612 804 694 870 1201
713 808 839 870 mtamae
856 807 951 868 ka.
968 805 1074 886 mopis
1091 805 1151 878 00.

142 896 206 956 edd.
222 896 257 956 ct
271 894 370 974 philol.
385 894 504 960 xxxin
517 893 590 960 448.
600 928 645 942 —-
660 893 745 958 1235
763 893 864 974 rescat,
876 897 913 957 at
925 943 931 956 .
942 942 950 956 .
960 941 981 971 .,
991 889 1153 958 'annaniae

141 983 194 1044 iir.
226 1000 388 1062 oraasopoa
410 983 469 1059 00.
491 983 586 1062 vulgo.
609 983 671 1043 Lm.
694 983 726 1044 B.
749 1017 792 1032 -
822 981 905 1046 1259
932 981 1092 1046 asanaa
1114 991 1153 1047 te

140 1089 253 1219 mv
263 1069 492 1224 46464444
506 1072 554 1222 36
573 1071 941 1222 ᾗὼᾰιῖῧιῐὲῗῖᾱιιαεια
962 1158 1021 1230 oo.
1048 1155 1154 1222 aare

142 1265 211 1310 eom
231 1248 326 1310 Lm.B.
349 1247 499 1330 Kanneng.
527 1249 597 1310 diss.
620 1268 648 1329 p.
664 1245 715 1310 31.
738 1267 764 1308 v.
783 1246 834 1310 36.
858 1246 910 1312 26.
938 1245 994 1310 27:
1022 1247 1152 1309 fortasse

142 1343 231 1399 recte.
246 1372 288 1384 -
308 1335 350 1399 33
364 1335 531 1420 peloptqoe
547 1355 651 1401 severa
669 1336 727 1409 OQ.
751 1336 841 1397 debui
859 1335 999 1416 scribere,
1020 1353 1092 1398 nam
1116 1336 1154 1396 vl

143 1423 208 1489 660
224 1423 334 1507 pelope
357 1434 425 1488 sunt
446 1427 532 1507 plura
554 1429 659 1487 maria:
676 1420 786 1504 pelope
807 1422 906 1485 Lamb.
929 1423 1079 1488 [aanor.
1104 1441 1154 1486 so·

141 1532 221 1578 noro
246 1516 316 1576 Lao.
339 1515 432 1595 Milli,
455 1515 530 1576 Stati
561 1533 649 1580 versu
680 1512 779 1594 allato,
811 1531 869 1592 quo
897 1511 971 1573 nihil
997 1512 1152 1591 probatur.

136 1600 243 1682 pelopi
264 1619 369 1664 severo
391 1609 460 1663 sunt
483 1599 543 1663 ‘dio
571 1609 691 1667 ernsten
717 1596 960 1662 Meereswoiton’.
980 1633 1023 1648 —u
1045 1597 1092 1662 45
1107 1619 1153 1682 sq.

143 1688 320 1769 euppeda'aa's
338 1687 441 1751 aeris.
457 1737 463 1750 .
478 1736 485 1750 .
499 1707 591 1752 osaea
603 1689 708 1768 Bergk.
722 1689 782 1750 ind.
801 1688 868 1750 leot
885 1695 956 1752 aest.
974 1687 1037 1750 Hal.
1055 1686 1152 1752 1865.

143 1795 239 1840 aeres
264 1773 858 1849 00.edd.-«110-—224.of.Laahm.
886 1783 1035 1838 comment
1061 1776 1099 1836 ad
1129 1777 1153 1836 V

144 1862 217 1928 335.
249 1884 302 1926 our
319 1866 374 1926 hos
388 1884 491 1927 versus
510 1884 570 1927 non
585 1865 774 1926 seclusissem
792 1883 882 1944 supra
900 1865 987 1926 doeui
1004 1883 1032 1943 p.
1046 1863 1151 1928 xxix.

144 1987 185 1999 -
209 1951 273 2016 122
285 1972 328 2032 sq.
357 1971 436 2032 qaae
455 2000 461 2014 .
480 2000 487 2014 .
508 2001 516 2014 .
535 1952 660 2016 distant
684 1951 777 2032 ioque
803 1951 893 2014 deaaa
918 1969 1045 2016 aomoro
1072 1970 1154 2032 puae

142 2039 208 2102 sabat
222 2039 355 2120 iaedipao
375 2040 517 2104 videatur
538 2041 645 2104 Christ.
663 2061 691 2121 p.
706 2039 757 2102 23.
788 2040 893 2104 Bruno.
911 2040 929 2100 1.
948 2060 973 2102 o.
996 2040 1079 2102 Bknn
1103 2039 1153 2104 da·

142 2132 250 2192 sioni.
270 2178 276 2190 .
294 2128 405 2193 rideri
426 2129 485 2202 00.
513 2131 607 2210 vulgo.
632 2163 674 2176 --
697 2147 802 2190 versus
826 2126 1028 2207 [128—137]
1049 2157 1090 2180 ω
1110 2129 1153 2190 ΙΠ

144 2216 319 2282 181-790
341 2221 526 2298 ineptissime
549 2218 685 2280 versibus
705 2236 722 2278 a
744 2224 831 2296 poeta
854 2219 919 2296 ipso
942 2217 991 2278 hio
1013 2219 1151 2296 repetitis

142 2311 299 2387 praemissi
317 2307 435 2369 suntab
454 2308 672 2388 interpolatore,
690 2324 759 2366 narn
774 2304 846 2366 illud
860 2303 896 2366 ιἰι
913 2303 1016 2367 eodem
1027 2302 1153 2368 homine

144 2414 333 2459 ...manere
353 2397 411 2478 hio,
433 2395 486 2456 ubi
504 2397 723 2457 demonstratur
740 2393 885 2455 mundum
903 2396 1063 2456 animatum
1082 2412 1151 2461 esse

143 2501 202 2544 non
225 2503 322 2564 posse,
344 2483 505 2544 absurdum
523 2491 576 2544 est.
613 2485 744 2543 retinent
761 2489 861 2544 tamen
878 2481 1027 2543 Lm.Baar.
1058 2483 1152 2544 offen-

143 2571 186 2631 dit
207 2589 278 2631 vero
301 2573 332 2630 in
355 2573 398 2630 ais
421 2573 535 2650 primus
558 2569 724 2651 Goehelius‚
748 2571 810 2631 obs.
833 2570 949 2631 Luerot.
972 2590 1000 2650 p.
1016 2567 1072 2652 26,
1096 2571 1151 2632 sed

142 2662 192 2741 ita,
214 2665 248 2720 ut
270 2665 408 2738 quattuor
428 2661 543 2736 priores
561 2676 664 2719 versus
683 2665 761 2719 totos
779 2660 931 2740 retineret,
954 2660 1051 2738 quinti
1068 2660 1151 2737 prio-

141 2742 207 2808 rem
237 2754 364 2828 partem,
395 2744 440 2809 sa'e
471 2744 573 2808 anani
608 2749 725 2808 natm
759 2745 875 2826 aeqaas't
912 2749 1013 2826 eisque
1050 2746 1151 2808 verbis

143 2835 291 2897 subiceret
317 2833 384 2896 sine
408 2833 513 2914 formo
539 2831 673 2896 animali
700 2854 737 2897 ex
761 2834 954 2915 formamque
980 2831 1152 2898 animalem

141 2944 166 2984 v.
183 2922 244 2985 131
265 2925 410 3005 effectum,
428 2930 624 3003 pergeretque
640 2920 787 3002 patratio
803 2919 950 3003 inpiabis
968 2930 1037 2984 ote:
1061 2941 1149 3002 quam
1229 2999 1230 3006 ἵ

142 3012 310 3089 corrigendi
336 3011 486 3073 licentiam
512 3030 600 3072 nemo
627 3012 769 3090 probarit.
805 3031 831 3072 v.
853 3009 915 3074 133
939 3020 985 3073 est
1006 3009 1151 3074 animam
1229 3029 1230 3050 ι

141 3097 255 3160 clarore
275 3116 367 3178 posse
393 3096 472 3161 ‘dass
500 3103 566 3162 eine
595 3100 673 3162 seele
700 3100 844 3162 bestehen
873 3095 992 3162 krinne'.
1016 3133 1058 3144 -
1085 3096 1150 3162 144
1229 3135 1230 3144 .

141 3187 244 3248 annes
270 3205 331 3265 pro
365 3181 416 3270 (de
442 3184 516 3272 00.)
550 3206 672 3268 corpore
705 3207 809 3251 eoram
837 3187 937 3250 Lamb.
967 3189 1084 3250 terami
1110 3189 1149 3251 aa·
1229 3221 1230 3242 ι

141 3272 243 3352 ooapa’
266 3272 390 3336 deorum
407 3275 554 3338 Lm.B.—
569 3278 623 3338 Mr.
642 3277 721 3354 olim,
739 3281 771 3340 in
785 3277 831 3337 ed.
844 3279 959 3337 minore
978 3279 1080 3338 moos
1098 3277 1149 3338 de
1229 3269 1230 3292 ¹

141 3378 263 3441 corpore
284 3379 395 3438 eoram,
419 3365 497 3443 quod
518 3383 579 3424 non
602 3368 700 3445 sapio,
723 3374 800 3445 post,
821 3367 853 3424 in
875 3366 987 3424 maiore
1009 3381 1062 3426 oea
1084 3381 1147 3425 cor-

137 3467 219 3530 poro
244 3465 361 3524 emam,
388 3451 440 3511 sed
468 3469 520 3514 oea
547 3471 607 3513 non
634 3453 713 3513 idem
739 3451 817 3512 valet
843 3451 921 3530 quod
950 3445 1022 3510 ‘non
1048 3453 1147 3513 minus
1229 3439 1230 3458 ¹

143 3531 253 3608 nnam'.
271 3569 313 3582 -·-
334 3533 408 3618 175,
432 3537 504 3602 176.
529 3538 590 3602 171
610 3538 709 3601 Lamb.
723 3538 777 3600 Mr.
801 3541 886 3600 ouius
907 3539 1147 3617 transpositionis
