2500 3882
607 198 633 251 Π
778 235 792 269 ο

186 363 225 405 00
248 361 297 404 res
321 344 356 404 ad
380 343 473 405 nilum
495 344 666 422 redigantur
689 344 820 405 funditus
847 362 961 405 omnes:

107 450 168 499 ‘150
187 451 257 493 nam
280 431 484 510 quodcumque
507 434 570 492 suis
592 439 736 494 mutatum
759 431 867 492 finibus
890 435 962 512 exit,

187 523 328 581 continuo
350 520 406 579 hoc
431 537 511 579 mors
535 526 580 580 est
602 520 682 580 illius
706 520 783 599 quod
806 521 861 580 fuit
884 528 960 581 ante.

108 625 170 678 755
184 609 309 688 proinde
333 607 430 668 colore
454 626 522 668 cave
546 611 698 686 contingas
721 610 833 669 semina
855 626 969 689 rerum,
1079 621 1118 662 aas

187 715 225 756 ne
248 696 303 757 tibi
325 713 374 756 res
397 696 518 756 redeant
540 696 576 756 ad
599 696 692 756 nilum
714 697 847 757 funditus
869 714 979 757 omues

232 783 386 844 Praeterea
410 785 436 844 si
458 783 537 844 nulla
561 783 667 844 coloris
689 786 844 864 principiis
868 791 913 845 cst

112 887 168 939 700
187 872 303 932 reddita
324 879 429 932 natura
452 879 481 931 et
503 873 591 931 variis
615 879 684 933 sunt
705 872 837 952 praedita
858 873 975 951 formis,

188 978 204 1020 0
229 960 335 1038 quibus
359 977 445 1019 omne
468 977 560 1037 genus
583 962 707 1038 gignunt
728 962 899 1038 variantque
922 959 1036 1021 colores

111 1062 173 1114 760
186 1054 356 1127 propterea,
378 1049 477 1125 magni
500 1047 577 1126 quod
600 1050 691 1108 refert
714 1051 825 1108 semina
849 1067 981 1127 quaeque
1080 1061 1119 1101 700

189 1153 256 1196 cum
280 1135 386 1213 quibus
410 1141 439 1195 et
462 1135 541 1214 quali
562 1132 694 1215 positure
717 1138 922 1197 contineantur

133 1295 137 1301 ⁵
189 1231 219 1283 ct
240 1241 314 1301 quos
338 1225 416 1282 inter
438 1240 470 1282 se
494 1223 564 1283 dent
586 1231 683 1284 motus
706 1227 921 1304 accipiantque,

116 1326 170 1376 760
188 1310 327 1390 perfacile
351 1310 496 1390 extemplo
519 1313 669 1372 rationem·
685 1312 809 1372 reddere
831 1314 943 1392 possis,

189 1417 243 1459 cur
266 1417 300 1458 ea
323 1416 397 1476 quae
419 1401 504 1477 nigro
527 1400 637 1459 fuerint
658 1399 745 1478 paulo
768 1406 834 1460 ante
858 1399 969 1480 colore,

115 1503 173 1554 765
189 1505 354 1546 marmoreo
376 1487 442 1546 deri
463 1489 580 1565 possint
602 1488 727 1569 candore
750 1495 884 1567 repente3
1080 1499 1119 1540 705

189 1582 223 1635 ut
244 1592 338 1655 mare,
362 1592 428 1634 cum
450 1577 549 1653 magui
571 1583 756 1637 commorunt
778 1593 905 1654 aequora
928 1577 1020 1656 venti,

188 1665 314 1722 vertitur
335 1664 367 1721 in
390 1680 478 1722 canos
501 1663 638 1723 candenti
660 1681 805 1724 marmore
828 1663 948 1724 ductus:

117 1767 171 1817 705
190 1751 288 1810 dicere
312 1752 391 1809 enim
413 1752 523 1830 possis,
545 1753 662 1829 nigrum
686 1751 763 1830 quod
787 1770 873 1830 saepe
896 1751 1042 1832 videmus,

189 1840 327 1898 materies
349 1837 402 1897 ubi
423 1840 568 1916 permixta
590 1847 635 1900 est
656 1839 736 1900 illius
759 1847 789 1899 et
811 1840 883 1899 ordo

116 1942 175 1994 770
187 1927 342 2005 principiis
364 1931 493 1986 mutatus
516 1934 545 1986 et
567 1927 664 1988 addita
687 1928 862 2006 demptaque
886 1926 1041 2008 quaedam,
1080 1939 1119 1979 770

189 2014 327 2073 continuo
350 2013 380 2073 id
404 2014 469 2073 lieri
491 2021 524 2074 ut
547 2015 674 2074 candens
697 2015 830 2076 videatur
852 2021 882 2075 et
904 2014 1010 2075 album.

190 2101 267 2180 quod
291 2102 316 2160 si
338 2100 481 2162 caeruleis
504 2109 672 2162 constarent
695 2120 821 2180 aequora
843 2105 927 2180 ponti

117 2205 171 2257 770
190 2188 366 2269 seminibuS,
387 2188 467 2249 nullo
490 2197 612 2268 possent
633 2189 782 2249 albescere
804 2196 903 2268 pacto:

191 2295 258 2336 uam
282 2294 465 2355 quocumque
488 2276 574 2336 modo
596 2275 752 2356 perturbes
775 2276 890 2337 caerula
914 2295 988 2354 quac
1011 2277 1083 2357 sint,

116 2380 174 2433 775
190 2382 350 2442 numquam
371 2366 404 2424 in
425 2382 622 2425 marmoreum
641 2372 765 2444 possunt
784 2367 911 2442 migrare
930 2364 1065 2425 colorem.
1080 2377 1119 2420 rra

191 2455 238 2512 sin
260 2451 316 2512 alio
339 2459 425 2530 atque
449 2451 505 2512 alio
528 2460 597 2514 sunt
620 2455 732 2512 semina
754 2455 846 2513 tincta
868 2451 978 2533 colore,

192 2558 266 2618 quae
288 2542 378 2600 maris
401 2541 533 2601 efficiunt
555 2559 646 2602 unum
668 2559 834 2620 purumque
857 2543 995 2623 nitorem,

118 2642 171 2693 775
190 2634 224 2688 ut
246 2645 332 2706 saepe
355 2645 391 2687 ex
414 2627 478 2687 aliis
501 2629 604 2689 formis
626 2631 773 2708 variisque
796 2631 899 2707 figuris

190 2715 318 2776 eflicitur
340 2715 478 2793 quiddam
501 2717 674 2795 quadratum
696 2735 812 2795 unaque
836 2718 942 2798 ligura,

117 2818 177 2870 780
191 2803 393 2883 conveniebat,
415 2809 449 2863 ut
471 2805 502 2864 in
526 2805 666 2882 quadrato
689 2807 838 2867 cernimus
861 2823 926 2865 esse
1080 2819 1119 2860 780

191 2890 348 2950 dissimiles
371 2891 492 2972 formas,
515 2893 556 2952 ita
579 2910 699 2953 cernere
722 2895 753 2953 in
776 2911 902 2972 aequore
925 2894 1008 2972 ponti

190 2985 241 3039 aut
262 2977 318 3038 alio
341 2981 373 3038 in
396 2981 498 3058 quovis
521 2997 580 3040 uno
603 2999 736 3060 puroque
758 2983 855 3041 nitore

118 3081 171 3130 700
190 3066 348 3126 dissimiles
371 3066 456 3145 longe
479 3069 557 3127 inter
580 3086 612 3128 se
634 3071 789 3147 variosque
812 3069 933 3129 colores

189 3161 341 3234 praeterea
363 3154 406 3215 nil
429 3155 562 3216 officiunt
584 3154 758 3235 obstantque
781 3158 890 3234 figurae

117 3256 175 3308 785
188 3242 361 3323 dissimiles,
385 3261 443 3321 quo
467 3242 640 3321 quadratum
662 3247 760 3305 minus
783 3263 868 3305 omne
892 3245 931 3304 sit
954 3251 1049 3325 extra,
1081 3258 1120 3299 785

190 3336 219 3390 at
240 3333 314 3390 varii
336 3349 436 3391 rerum
459 3331 615 3410 inpediunt
636 3332 850 3411 prohibentque
875 3331 1002 3415 colores,

190 3419 369 3496 quominus
393 3436 458 3480 csse
481 3437 540 3479 uno
564 3423 658 3498 possit
680 3438 728 3480 res
751 3428 812 3481 tota
834 3422 938 3481 nitore.

613 3527 629 3565 s
