2500 3882
72 177 74 180 ⁵
104 227 169 292 104
591 225 631 281 Ν

174 373 293 435 aeribus
314 373 395 434 binis
418 377 557 452 quoniam
579 392 629 434 res
651 375 741 435 confit
765 382 898 453 utraque.

102 479 156 528 275
174 481 254 523 nune
279 481 313 522 ea
336 481 410 541 quae
433 461 519 522 nohis
542 462 743 522 membrorum
765 462 886 523 dextera
908 479 977 541 pars
1000 469 1060 543 est,

104 553 207 619 291in
230 550 358 630 speculis
381 551 414 610 nt
436 557 469 610 ut
491 553 523 609 in
546 549 626 610 laeva
648 551 782 610 videatur
805 567 840 610 eo
864 550 942 628 quod

174 639 326 718 planitiem
349 637 385 698 ad
409 637 522 716 speculi
543 640 664 698 veniens
688 657 755 699 cum
778 638 901 698 offendit
923 640 1034 719 imago,
1121 675 1124 682 ι

175 745 235 787 non
257 727 439 787 convertitur
460 725 631 806 incolumis,
654 725 706 786 sed
729 733 810 787 recta
832 731 998 786 retrorsum
1075 747 1120 788 aaa

176 817 219 875 sic
243 814 375 894 eliditur,
397 820 431 874 ut
454 815 562 895 siquis,
584 817 667 894 prius
690 813 771 874 arida
795 832 882 893 quam
906 816 945 874 sit

105 919 157 969 280
176 910 274 964 cretea
296 919 436 982 persona,
459 902 567 963 adlidat
589 901 701 981 pilaeve
723 902 849 983 trabive,

105 997 264 1069 nocatque
286 1009 321 1050 ea
344 992 483 1051 continuo
507 998 618 1051 rectam
633 993 667 1051 'si
689 991 765 1050 torte
787 991 911 1069 figuram

177 1085 274 1139 servet
297 1085 327 1138 et
349 1077 452 1139 elisam
475 1085 555 1140 retro
579 1097 645 1138 sese
668 1081 815 1158 exprimat
836 1081 908 1158 ipsa.
1075 1101 1119 1142 ero

177 1167 228 1227 tiet
249 1169 303 1247 ita,
327 1174 393 1227 ante
417 1166 521 1228 oculus
543 1167 633 1228 luerit
655 1169 706 1245 qui
729 1167 845 1248 dexter,
868 1173 901 1227 ut
923 1166 1003 1227 idem

177 1273 256 1316 nunc
278 1257 319 1316 sit
340 1255 454 1336 lacuna,
476 1261 506 1316 et
529 1273 545 1315 e
568 1254 649 1315 laevo
673 1257 713 1315 sit
735 1262 837 1316 mutua
859 1254 971 1316 dexter.
1075 1278 1119 1319 aas

107 1361 159 1410 285
177 1344 211 1404 fit
233 1360 350 1422 quoquc
373 1342 410 1403 de
434 1343 554 1422 speculo
577 1346 609 1404 in
631 1342 785 1422 speculum
805 1350 839 1403 ut
857 1343 990 1403 tradatur
1008 1346 1119 1424 imago,

106 1449 159 1499 301
178 1433 307 1511 quinque
330 1434 419 1493 etiam
442 1449 529 1493 sexve
550 1437 584 1492 ut
606 1433 672 1492 fieri
695 1431 850 1492 simulacra
873 1434 997 1492 suerint.

178 1538 245 1580 nam
269 1537 471 1598 quaecumque
494 1527 574 1580 retro
597 1526 681 1598 parte
704 1521 845 1580 interiore
868 1519 1015 1601 latebunt,

178 1607 247 1668 inde
269 1614 381 1687 tamen,
405 1609 537 1685 quamvis
560 1614 637 1668 torte
659 1609 838 1686 penitusque
859 1615 987 1689 remota,

179 1697 277 1755 omnia
298 1713 353 1773 per
375 1694 466 1754 flexos
490 1695 586 1755 aditus
610 1694 715 1756 educta
737 1695 838 1756 licebit
1076 1719 1120 1759 aso

108 1781 314 1862 conpluribus
336 1782 409 1842 haec
432 1781 561 1860 speculis
584 1783 738 1844 videantur
760 1786 792 1844 in
815 1783 937 1844 aedibus
961 1801 1036 1844 esse.

106 1887 164 1939 306
177 1887 271 1948 usque
295 1869 368 1930 adeo
390 1887 407 1930 e
428 1870 548 1949 speculo
571 1872 603 1931 in
626 1871 779 1956 speculum
800 1871 962 1938 translucet
985 1875 1095 1954 imago,

179 1966 209 2019 et
232 1976 300 2018 eum
322 1957 401 2019 laeva
424 1957 532 2039 datast,
554 1959 588 2020 sit
610 1977 729 2019 rursum
751 1967 785 2020 ut
807 1959 927 2020 dextera
950 1961 1013 2041 liat,

179 2047 249 2107 inde
272 2053 352 2106 retro
376 2063 496 2106 rursum
517 2047 596 2108 redit
618 2054 649 2108 et
670 2049 815 2108 convertit
837 2048 950 2108 eodem.

181 2137 251 2214 quin
275 2137 363 2195 etiam
387 2151 589 2214 quaecumque
612 2135 755 2196 latuscula
778 2143 847 2196 sunt
870 2135 1059 2215 speculorum
1077 2159 1121 2200 aaa

109 2241 160 2290 295
179 2223 307 2284 adsimili
329 2222 430 2283 lateris
453 2223 565 2294 flexura
587 2223 719 2303 praedita
741 2225 849 2304 nostri,

108 2327 161 2378 311
179 2311 299 2371 dextera
322 2316 478 2389 eapropter
499 2310 585 2370 nobis
609 2310 765 2372 simulacra
789 2313 958 2392 remittunt,

180 2407 230 2460 aut
253 2401 321 2477 quia
344 2399 380 2458 de
404 2397 523 2476 speculo
546 2401 578 2458 in
601 2398 753 2477 speculum
775 2399 953 2460 transfertur
975 2401 1086 2481 imago,

180 2487 249 2547 inde
272 2486 309 2546 ad
332 2503 386 2546 nos
409 2486 481 2547 elisa
503 2485 550 2546 bis
574 2485 700 2566 advolat,
723 2489 884 2549 autetiam
908 2487 986 2567 quod

181 2577 293 2635 circum
316 2576 420 2652 agitur,
443 2592 511 2635 cum
534 2577 626 2655 venit,
649 2576 746 2652 imago
768 2583 925 2655 propterea
948 2575 1027 2655 quod
1078 2599 1122 2640 aco

109 2679 162 2729 300
180 2662 256 2722 flexa
277 2662 371 2739 figura
394 2661 480 2721 docet
503 2661 616 2740 speculi
638 2666 804 2723 convertier
827 2663 948 2746 adnos.

109 2767 164 2818 316
177 2749 336 2828 indugredi
357 2767 445 2828 porro
468 2752 580 2828 pariter
603 2749 760 2812 simulacra
780 2749 946 2831 pedemque

180 2856 291 2918 ponere
314 2836 469 2897 nobiscum
493 2837 596 2898 credas
619 2845 793 2917 gestumque
815 2841 926 2900 imitari

180 2933 337 3006 propterea
360 2927 441 3006 quia,
463 2925 499 2986 de
524 2926 637 3004 speculi
660 2945 717 3005 qua
738 2935 822 3006 parto
846 2927 981 3009 recedas,

182 3017 321 3075 continuo
344 3020 496 3092 nequeunt
517 3013 600 3074 illino
623 3014 779 3075 simulacra
796 3017 919 3096 reverti3
1080 3039 1123 3080 aas

110 3119 163 3170 300
182 3105 279 3163 omnia
303 3101 540 3181 quandoquidem
564 3105 642 3181 cogit
663 3108 769 3164 natura
791 3104 899 3164 referri

110 3207 217 3259 321ac
239 3189 356 3251 resilire
379 3189 414 3250 ah
438 3189 528 3250 rebus
552 3189 588 3249 ad
612 3209 720 3270 aequos
744 3192 859 3253 reddita
881 3191 984 3253 flexus

225 3272 234 3360 ti
249 3277 407 3357 Splendida
428 3296 518 3356 porro
542 3278 620 3339 oculi
642 3280 768 3358 fugitant
791 3283 940 3360 vitantque
964 3282 1055 3342 tueri:
1081 3303 1124 3343 aas

183 3365 227 3425 sol
250 3366 338 3425 etiam
362 3372 474 3446 caecat,
498 3374 600 3426 contra
624 3369 650 3426 si
671 3367 795 3428 tendere
816 3387 935 3448 pergas,
1081 3392 1125 3432 eoo

182 3458 338 3531 propterea
361 3454 430 3529 quia
452 3455 497 3512 vis
519 3461 654 3531 magnast
675 3456 783 3534 ipsius,
807 3462 837 3514 et
860 3454 916 3515 alte

112 3556 165 3604 310
183 3544 251 3599 aera
273 3555 328 3617 per
350 3557 458 3616 purum
482 3543 610 3618 graviter
634 3541 790 3602 simulacra
813 3542 948 3604 feruntur
