2500 3882
89 229 130 293 68
569 229 610 282 ΠΙ

159 394 279 436 sensnm
302 376 392 435 animi
414 382 495 436 certa
517 392 577 434 non
600 392 666 435 esse
690 376 721 434 in
743 381 827 453 parte
850 373 992 455 locatum,

158 482 261 524 verum
283 462 416 524 habitum
439 462 586 542 quendam
608 462 726 523 vitalem
750 464 882 542 eorporis
906 481 985 544 esse,

90 569 141 618 100
158 552 341 614 harmoniam
364 551 433 612 Grai
456 570 543 631 quam
565 552 679 632 dieunt,
703 550 781 630 quod
804 551 891 611 faeiat
913 569 968 611 nos

158 643 256 701 vivere
280 658 347 700 oum
370 657 473 719 sensu,
495 639 574 700 nulla
598 657 666 699 eum
688 641 720 698 in
742 646 826 717 parte
850 640 908 699 siet
929 657 1029 720 mens3

159 735 192 790 ut
214 728 291 789 bona
314 745 401 805 saepe
423 726 557 787 valetudo
580 745 648 787 oum
671 726 780 787 dieitur
803 744 868 787 esse

160 818 306 896 eorporis,
328 823 359 876 et
380 832 440 875 non
463 821 508 875 est
530 823 629 875 tamen
650 815 723 875 haee
744 832 813 893 pars
835 814 895 875 ulla
917 815 1059 897 valentis3

160 907 204 965 sie
227 906 318 964 animi
340 920 460 964 sensum
482 921 542 963 non
565 911 645 964 eerta
667 910 750 981 parte
775 912 935 982 reponunt:

92 1009 142 1058 111
160 1010 265 1070 magno
289 1009 377 1070 opere
401 995 432 1051 in
456 1009 513 1070 quo
536 993 579 1051 mi
601 991 711 1050 diversi
733 1009 833 1051 errare
856 992 1001 1053 videntur.

161 1098 248 1159 saepe
271 1081 370 1159 itaque
392 1082 424 1139 in
448 1085 587 1158 promptu
610 1097 717 1157 eorpus
736 1077 815 1157 quod
833 1082 965 1141 cernitur
983 1089 1103 1162 aegret,

160 1186 228 1229 oum
250 1174 349 1228 tamen
371 1187 408 1228 ex
430 1167 486 1228 alia
508 1167 652 1228 laetamur
673 1173 756 1245 parte
779 1165 894 1227 latenti:

161 1264 191 1317 et
213 1263 293 1317 retro
316 1257 348 1317 iit
370 1258 415 1317 uti
438 1263 539 1316 eontra
562 1258 601 1316 sit
623 1273 711 1334 saepe
733 1257 877 1335 vicissim,

161 1363 228 1404 cum
250 1347 342 1404 miser
365 1363 401 1405 ex
424 1347 521 1405 animo
543 1343 668 1405 laetatur
691 1361 814 1423 corpore
837 1350 912 1424 t0t03

92 1449 142 1497 110
160 1450 220 1492 non
243 1432 299 1492 alio
322 1439 406 1511 paeto
430 1451 518 1512 quam
541 1435 579 1514 si,
602 1451 655 1512 pes
678 1450 745 1493 oum
767 1431 847 1491 dolet
869 1449 969 1512 aeger,

161 1523 193 1581 in
215 1520 294 1580 nullo
318 1527 405 1599 eaput
427 1522 540 1581 interea
564 1523 602 1581 sit
625 1521 699 1581 forte
723 1519 832 1580 dolore.

159 1615 313 1687 praeterea
334 1607 415 1668 molli
439 1626 507 1669 eum
530 1625 633 1668 somno
656 1607 754 1668 dedita
775 1606 908 1667 membra

161 1696 346 1774 effusumque
368 1698 445 1756 iacet
467 1698 531 1755 sine
555 1713 645 1755 sensu
667 1713 774 1774 eorpus
797 1702 949 1776 onustum,

161 1791 206 1843 est
228 1782 307 1843 aliud
329 1790 428 1843 tamen
450 1785 482 1842 in
503 1781 589 1842 nohis
612 1783 690 1862 qued
712 1790 844 1862 tempore
867 1785 899 1843 in
922 1783 972 1844 illo

93 1889 142 1938 115
160 1869 342 1931 multimodis
366 1873 491 1948 agitatur
513 1877 543 1930 et
566 1872 661 1930 omnis
685 1873 791 1950 accipit
812 1873 843 1931 in
867 1889 898 1931 se

160 1958 288 2019 laetitiae
311 1965 408 2018 motus
431 1964 461 2018 et
483 1976 569 2019 ouras
592 1958 690 2019 cordis
712 1960 816 2019 inanis.

160 2064 239 2107 nune
258 2049 384 2107 animam
403 2065 518 2126 quoque
537 2052 570 2107 ut
587 2049 619 2107 in
637 2045 778 2106 membris
797 2063 974 2124 cognoscere
994 2052 1098 2127 possis

161 2153 240 2215 esse,
263 2153 358 2213 neque
381 2135 533 2195 harmonia
557 2153 663 2213 eorpus
687 2137 798 2195 sentire
822 2134 930 2215 solere,

160 2224 306 2302 principio
329 2224 363 2283 lit
384 2225 429 2284 uti
452 2223 582 2284 detracto
606 2241 729 2301 eorpore
751 2221 857 2282 multo¹

93 2327 143 2376 120
161 2329 248 2389 saepe
270 2318 368 2371 tamen
391 2311 476 2371 nohis
499 2313 530 2370 in
553 2311 694 2371 memhris
716 2312 776 2370 vita
798 2317 943 2371 moretur:

162 2406 248 2477 atque
272 2399 374 2459 eadem
397 2417 529 2480 rursum,
552 2418 619 2460 eum
642 2416 766 2477 corpora
788 2416 880 2477 panea
902 2398 1009 2459 caloris

161 2485 304 2564 diffugere
326 2488 463 2566 forasque
486 2505 540 2565 per
563 2505 596 2547 os
619 2494 665 2547 est
687 2486 783 2547 editus
806 2491 869 2567 aer,

161 2573 273 2634 deserit
295 2573 441 2653 extemplo
464 2592 554 2635 venas
577 2581 664 2653 atque
687 2592 754 2634 ossa
776 2573 930 2655 relinquit3

160 2679 284 2721 noscere
308 2669 341 2722 ut
362 2661 431 2723 hine
453 2665 550 2741 possis
573 2680 632 2722 non
656 2680 763 2741 aequas
786 2665 884 2723 omnia
905 2665 998 2741 partis

92 2766 142 2816 125
162 2766 286 2829 corpora
307 2749 415 2810 habere
439 2768 535 2829 neque
559 2769 710 2830 exaequo
734 2750 838 2812 iuloire
862 2749 998 2831 salutem,

162 2837 214 2898 sed
237 2839 330 2916 magis
352 2837 438 2920 haee,
461 2841 541 2899 venti
564 2857 638 2918 quae
662 2845 730 2899 sunt
753 2839 898 2917 calidique
921 2841 1038 2918 vaporis

162 2928 287 3008 semina,
311 2944 414 2988 curare
437 2929 468 2987 in
491 2925 632 2988 membris
655 2934 688 2988 ut
710 2929 769 2988 vita
791 2933 930 2987 moretur.

161 3023 208 3076 est
229 3017 320 3095 igitur
343 3015 422 3077 calor
445 3035 478 3076 ae
500 3023 604 3077 ventus
628 3015 724 3076 vitalis
746 3017 778 3075 in
800 3017 865 3094 ipso

162 3122 298 3185 corpore,
321 3107 373 3183 qui
395 3103 482 3164 nobis
504 3104 696 3166 moribundos
719 3104 830 3164 deserit
852 3110 941 3164 artus.

92 3207 143 3256 130
162 3198 341 3270 quapropter
364 3194 530 3271 quoniamst
552 3195 642 3253 animi
664 3199 769 3254 natura
791 3199 909 3270 reperta

162 3285 249 3356 atque
273 3281 386 3340 animae
411 3282 495 3359 quasi
516 3299 585 3360 pars
607 3281 749 3361 hominis,
773 3279 864 3341 redde
886 3279 1051 3340 harmoniai

161 3382 283 3444 nomen,
306 3366 339 3425 ad
365 3371 518 3446 organicos
542 3367 599 3429 alto
622 3368 750 3429 delatum
772 3367 918 3449 Helieoni3

162 3455 223 3512 sive
247 3451 363 3513 aliunde
387 3457 446 3533 ipsi
466 3475 556 3535 porro
579 3463 695 3517 traxere
718 3463 748 3516 et
770 3458 801 3515 in
823 3455 903 3516 illam

161 3538 388 3621 transtulerunt,
411 3546 531 3622 proprio
555 3562 629 3624 quae
652 3553 715 3605 tum
738 3561 787 3604 res
809 3545 928 3604 nomine
951 3542 1064 3623 egebat

116 3814 249 3868 A
