2500 3882
93 230 137 295 40
579 236 607 288 Π

95 385 147 435 280
166 379 305 457 quiddam
328 381 405 459 quod
429 388 530 442 contra
553 400 683 460 pugnare
707 381 883 460 obstareque
907 381 1024 463 possit?

165 469 249 528 cuius
273 469 308 528 ad
332 469 487 530 arbitrium
511 488 627 548 quoque
651 471 735 549 copia
757 473 891 530 materiai

165 558 280 634 cogitur
303 557 451 617 interdum
474 557 553 618 flecti
575 575 630 637 per
652 557 784 617 membra
806 576 860 636 per
883 565 963 620 artus

165 650 194 703 et
216 646 347 722 proiecta
370 646 536 706 refrenatur
558 653 696 723 retroque
720 646 832 706 residit.

166 751 255 810 quare
279 735 310 792 in
334 732 495 794 seminibus
520 752 636 812 quoque
658 734 737 793 idem
761 735 868 794 fateare
891 742 1065 816 necessest,

95 825 145 875 285
165 838 230 879 esse
254 818 339 879 aliam
362 827 479 898 praeter
502 821 601 899 plagas
624 828 654 881 et
675 821 806 900 pondera
829 841 946 882 causam

164 907 306 988 motibus,
329 908 406 968 unde
429 909 501 970 haec
523 916 568 969 est
591 908 676 969 nohis
700 911 799 969 innata
821 917 963 992 potestas3

165 995 201 1054 de
223 994 284 1055 nilo
308 999 444 1074 quoniam
467 998 533 1056 fieri
555 997 597 1057 nil
619 1015 706 1076 posse
729 997 870 1058 videmus.

164 1083 279 1161 pondus
303 1086 381 1144 enim
403 1084 540 1162 prohibet
561 1102 598 1144 ne
622 1085 714 1163 plagis
739 1088 835 1146 omnia
858 1087 928 1147 fiant

165 1177 285 1231 externa
309 1174 393 1250 quasi
415 1174 457 1232 ri:
481 1173 593 1232 sedne
617 1190 700 1232 mens
723 1174 787 1252 ipsa
810 1191 965 1235 necessum

95 1266 146 1314 290
165 1261 337 1320 intestinum
360 1259 466 1320 habeat
488 1263 602 1320 cunctis
625 1263 656 1320 in
679 1261 768 1321 rebus
792 1262 912 1339 agendis

164 1354 195 1407 et
217 1347 328 1408 devicta
352 1351 436 1427 quasi
459 1355 579 1426 cogatur
602 1349 679 1408 ferre
703 1351 835 1429 patique,

164 1435 193 1494 id
218 1435 287 1496 facit
309 1439 447 1514 exiguum
470 1436 615 1497 clinamen
637 1438 851 1515 principiorum

164 1541 219 1582 nec
242 1526 362 1601 regione
385 1524 442 1584 loci
465 1531 545 1584 certa
568 1543 623 1584 nec
645 1531 777 1603 tempore
801 1533 890 1586 certo.

208 1609 269 1670 Nec
292 1613 397 1689 stipata
419 1614 512 1689 magis
535 1613 591 1672 fuit
613 1631 751 1691 umquam
774 1615 907 1674 materiai

95 1705 146 1753 295
166 1700 249 1775 copia
271 1716 326 1757 nec
349 1717 437 1776 porro
461 1699 621 1760 maioribus
645 1700 819 1761 intervallis:

164 1803 232 1844 nam
254 1803 350 1863 neque
373 1786 540 1864 adaugescit
563 1790 719 1866 quicquam
742 1806 838 1867 neque
861 1789 977 1866 deperit
999 1789 1084 1851 inde.

165 1880 343 1952 quapropter
366 1892 423 1952 quc
446 1892 524 1934 nunc
547 1877 578 1934 in
600 1884 683 1937 motu
704 1879 919 1955 principiorum

165 1979 287 2039 corpora
311 1968 391 2042 sunt,
414 1964 446 2021 in
469 1963 572 2023 ecdem
595 1971 662 2024 ante
686 1971 750 2024 acta
773 1971 866 2024 aetate
890 1965 972 2024 fuere

164 2056 194 2109 et
215 2056 283 2128 post
305 2049 377 2109 haec
400 2068 517 2128 semper
540 2052 630 2111 simili
652 2054 765 2112 ratione
791 2053 935 2131 ferentur,

95 2148 145 2196 300
165 2144 194 2197 et
217 2156 291 2216 quae
315 2145 495 2198 consuerunt
517 2141 597 2217 gigni
619 2141 777 2218 gignentur
800 2140 901 2200 eadem

164 2226 336 2286 condicione
360 2233 389 2286 et
411 2234 498 2287 erunt
520 2235 550 2287 et
573 2236 707 2288 crescent
728 2230 815 2306 vique
838 2228 987 2308 valebunt,

164 2321 305 2392 quantum
328 2317 433 2392 cuique
457 2315 586 2375 datumst
607 2334 661 2394 per
683 2316 800 2376 foedera
824 2318 946 2376 naturai.

164 2420 219 2462 nec
241 2420 341 2462 rerum
365 2421 508 2462 summam
531 2410 710 2463 commutare
734 2402 792 2463 ulla
814 2410 912 2482 potest
934 2406 991 2463 ris:

163 2507 231 2549 nam
254 2507 349 2568 neque
374 2508 431 2567 quo
454 2492 549 2568 possit
572 2509 663 2568 genus
686 2491 779 2551 ullum
802 2493 935 2552 materiai

94 2583 144 2633 305
163 2574 310 2637 immenso
328 2576 456 2654 effugere
475 2596 511 2637 ex
530 2580 610 2637 omni
628 2580 822 2658 quicquamst,
844 2596 940 2657 neque
958 2580 989 2638 in
1010 2596 1103 2640 omne

163 2663 242 2724 unde
265 2671 364 2723 coorta
387 2671 475 2742 queat
497 2683 570 2724 nova
593 2668 636 2725 ris
660 2669 829 2745 inrumpere
853 2673 883 2727 et
906 2684 1024 2727 omnem

163 2758 298 2812 naturam
320 2769 421 2811 rerum
444 2759 557 2812 mutare
581 2760 610 2813 et
632 2762 746 2815 vertere
770 2762 875 2815 motus.

207 2839 281 2899 lllud
305 2841 336 2898 in
359 2839 405 2899 his
428 2839 518 2900 rebus
541 2859 600 2901 non
623 2850 669 2902 est
690 2842 839 2922 mirabile,
863 2860 966 2923 quare,

164 2930 261 2988 omnia
283 2945 349 2987 cum
373 2945 473 2988 rerum
495 2929 656 3007 primordia
679 2933 739 2990 siut
762 2933 791 2991 in
814 2937 909 3011 motu,

95 3024 145 3072 310
165 3034 277 3077 summa
300 3024 399 3076 tamen
422 3034 535 3076 summa
558 3017 692 3078 videatur
715 3025 792 3078 stare
816 3021 927 3099 quiete,

162 3111 280 3183 praeter
303 3122 390 3183 quam
414 3105 512 3182 siquid
534 3107 654 3184 propriu
678 3105 727 3165 dat
749 3123 872 3184 corpore
895 3113 1001 3166 motus.

164 3195 259 3251 omnis
283 3195 362 3252 euim
384 3191 470 3270 longe
493 3195 603 3252 nostris
627 3193 662 3253 ah
685 3192 821 3254 sensibus
845 3194 921 3253 infra

163 3280 326 3355 primorum
349 3287 452 3339 natura
474 3281 562 3360 iacet3
586 3288 776 3361 quapropter,
799 3281 852 3341 uhi
873 3284 937 3358 ipsa

165 3382 285 3424 cernere
312 3367 370 3426 iam
397 3385 540 3447 nequeas,
566 3375 664 3429 motus
687 3387 803 3447 quoque
827 3386 950 3446 surpere
974 3367 1099 3449 dehent;

94 3457 145 3505 315
164 3453 337 3528 praesertim
360 3472 440 3534 cum,
464 3473 538 3533 quae
560 3458 708 3533 possimus
732 3473 868 3536 cernere,
891 3455 988 3516 celent

165 3555 250 3615 saepe
272 3544 370 3598 tamen
394 3548 504 3622 motus,
528 3545 621 3621 spatio
645 3543 764 3603 diducta
786 3542 926 3602 locorum.

246 3780 271 3862 l
