2496 3876
162 204 278 259 LXVIII
522 203 803 260 PROLEGOMENA.

164 349 220 414 da'a
236 367 351 430 saepe
369 351 441 423 od:
464 350 526 411 Lm.
540 367 665 429 seraper,
685 350 763 428 quod
782 357 828 411 est
845 349 873 410 11
892 347 987 430 1058,
1007 367 1180 430 perperam,

165 440 200 500 os.
223 459 252 518 p.
274 439 366 520 Xlsq.
382 473 424 483 -
442 435 517 501 430.
536 435 610 500 431.
628 434 693 499 432
717 438 773 499 hoo
796 438 901 499 ordine
919 439 952 499 hi
968 456 1077 499 versus
1093 432 1179 522 (sunt

166 524 231 588 443
244 545 307 608 sqq.
326 521 405 610 Lm.)
428 529 460 587 in
483 526 568 587 libris
592 533 701 607 extant,
724 526 776 586 sed
799 544 904 587 vereor
926 545 963 587 ne
985 529 1106 606 primus
1131 545 1176 587 eo-

165 634 232 676 rum
266 619 310 678 eis
339 615 453 676 duobus
481 617 533 693 qui
561 621 726 693 sequuntur
756 614 979 694 postponendus
1006 616 1115 696 suerit,
1147 623 1176 674 ut

165 703 348 765 scriberetur
369 701 451 781 qaod
471 719 534 764 aaa
556 701 688 764 omnia.
709 749 715 762 .
735 703 921 781 poterant.
936 750 942 763 .
958 721 1109 766 .γναγνογνν
1126 721 1176 764 nec

165 794 264 853 aretas
278 839 285 852 .
300 837 306 851 .
322 838 328 852 .
343 788 418 853 doce
438 788 643 852 mecaenas
654 792 782 869 propter
799 787 965 853 absentias
979 790 1104 870 famas
1123 799 1173 851 etc.

165 913 208 924 -
223 877 288 941 436
299 898 341 957 sq.
364 895 515 940 secernere
536 874 661 954 eatan,
684 881 715 940 et
733 895 855 940 sorsaaa
878 873 1058 963 (secernere)
1082 897 1173 954 mare,

164 966 212 1030 aii
226 1012 233 1026 .
249 1014 255 1026 .
270 1013 277 1027 .
289 969 411 1046 pateret
431 966 526 1026 anm:
550 983 705 1028 ...meae
726 965 795 1028 νώί.
810 1014 817 1027 .
832 1014 840 1027 .
857 966 1007 1028 Lmnbir.
1036 968 1173 1029 soloecis-

166 1073 248 1116 mum
271 1057 302 1129 in
330 1073 449 1115 carmen
471 1054 641 1134 inferentes,
665 1057 716 1134 qui
739 1058 959 1116 excusationem
981 1055 1091 1116 habeat
1112 1057 1174 1117 nul-

166 1139 454 1222 lam—450sqq.
480 1137 853 1205 ...cidemas..aocea
874 1141 1175 1206 commea.

166 1227 289 1292 baccina
305 1227 379 1294 sabis
392 1251 409 1289 a
423 1226 652 1309 exhalantque
670 1226 755 1292 loeas
770 1227 914 1294 achalam
930 1229 1081 1310 flevitque
1096 1279 1103 1292 .
1118 1279 1125 1291 .
1141 1279 1147 1292 .
1162 1280 1176 1312 .,

166 1318 294 1399 c'posaqae
323 1321 390 1382 νώ.
415 1367 421 1380 .
446 1316 533 1381 tellas
568 1317 693 1398 factae
727 1317 877 1382 aecta:
908 1319 1053 1380 librorum
1088 1320 1175 1380 fidem

168 1415 288 1470 secutus
308 1428 382 1489 sum,
405 1411 465 1469 nisi
484 1407 561 1486 quod
580 1407 692 1486 aquuid
710 1407 814 1468 deesse
832 1408 972 1469 indicavi:
995 1427 1054 1488 qua
1071 1407 1176 1469 lacuna

167 1515 227 1558 non
255 1497 457 1557 animadversa
478 1495 583 1556 Munro
606 1502 723 1573 poetam
746 1495 895 1557 dicentem
917 1497 988 1557 facit
1010 1513 1065 1557 nos
1089 1516 1176 1558 manc

169 1585 297 1665 aethera,
321 1587 373 1663 qui
391 1583 505 1644 seilicet
522 1583 618 1643 videri
635 1601 694 1644 non
712 1591 819 1665 potest,
842 1603 874 1644 se
892 1584 1044 1645 tollentem
1061 1585 1176 1646 videre:

167 1671 309 1734 videatur
323 1717 330 1732 .
345 1717 351 1731 .
367 1717 374 1730 .
389 1667 512 1732 ceolam
530 1669 639 1751 Lm.B.,
663 1672 740 1750 quod
762 1674 852 1732 nimis
874 1671 959 1753 longe
983 1692 999 1734 a
1021 1672 1107 1732 libris
1130 1692 1175 1734 re·

170 1761 257 1820 cedit.
272 1793 314 1802 —
332 1755 398 1820 462
422 1766 451 1818 et
473 1755 538 1820 466
561 1756 785 1839 interutrasque
808 1759 920 1831 andr.
943 1760 979 1821 ci.
1002 1760 1038 1820 ad
1060 1757 1174 1823 [1518.

170 1881 211 1890 -
222 1842 288 1908 475
299 1865 341 1926 sq.
356 1849 491 1908 extrema
504 1844 548 1908 ad
560 1842 732 1910 liminata
745 1853 883 1910 actum
897 1895 905 1908 .
919 1895 926 1909 .
940 1849 995 1909 at.
1008 1896 1014 1908 .
1022 1846 1176 1927 propulsa

169 1933 262 1997 coiret
272 1934 342 1995 Mr..
357 1981 364 1994 .
380 1981 386 1994 .
394 1937 519 2014 partera
531 1933 590 2007 OQ.
609 1938 744 1998 extrem
761 1955 782 1998 a
800 1932 913 1998 licata?
924 1939 1023 2015 poete
1035 1936 1174 1997 Lm.B—

169 2021 234 2086 493
257 2021 336 2085 είννώ
354 2023 452 2086 haee
475 2016 564 2107 (00.)
579 2071 585 2084 .
601 2071 607 2084 .
623 2071 629 2084 .
643 2023 720 2086 ocra
741 2025 804 2106 Mr,
828 2022 902 2086 baec
923 2022 1104 2098 δεικτικῶςε
1127 2023 1176 2087 ate

169 2115 188 2172 i.
211 2130 237 2173 e.
261 2111 374 2194 aether,
397 2118 430 2172 ut
452 2129 702 2191 supervacaneum
725 2115 764 2174 sit
785 2131 957 2194 pronomen,
979 2113 1041 2173 Lm.
1064 2113 1110 2174 B.:
1138 2133 1176 2174 an

171 2201 343 2263 adverbium
362 2219 427 2262 esse
450 2197 627 2262 voluerunt?
646 2234 687 2243 —-
708 2198 882 2263 534—563
905 2208 972 2262 ante
995 2197 1060 2264 509
1082 2201 1176 2283 Bkm,

170 2292 337 2351 necessaria
355 2291 598 2370 transpositione,
620 2309 646 2350 v.
665 2307 731 2350 ann.
749 2288 867 2350 Lucret.
886 2287 1017 2370 187411.
1038 2287 1108 2351 169.
1133 2325 1176 2333 -

171 2374 235 2440 503
254 2376 340 2440 νώνώ
356 2377 415 2449 00.
434 2377 499 2438 edd.
518 2375 668 2457 ereoitL,
687 2377 739 2437 sed
756 2396 782 2438 v.
801 2375 874 2439 464.
894 2411 936 2420 -
955 2375 1020 2440 510
1035 2426 1041 2437 .
1057 2425 1063 2438 .
1079 2427 1084 2438 .
1100 2377 1179 2457 qaid

170 2483 305 2546 quaeqae
324 2468 435 2545 queat
450 2482 506 2528 res.
529 2465 687 2544 namquid
707 2483 839 2545 quaeque
861 2472 969 2544 queant
986 2485 1041 2546 per
1058 2466 1176 2527 foedera

171 2560 292 2614 naturae
316 2560 396 2614 extat
419 2555 563 2614 sancitum
581 2553 595 2612 l
613 2548 678 2614 580
694 2571 737 2632 sq.
761 2550 806 2614 ‘es
828 2553 941 2615 kommt
963 2555 1015 2615 auf
1034 2554 1086 2614 das
1109 2574 1175 2634 spe-

172 2641 291 2702 ciiisohe
318 2647 476 2718 vermigen
503 2637 566 2701 an’:
597 2642 710 2718 quaeat
732 2658 794 2717 ces,
826 2642 904 2721 quod
930 2643 1010 2703 idem
1037 2649 1090 2723 est,
1116 2643 1175 2715 OQ.

172 2730 263 2791 aocet
277 2728 309 2788 L.
328 2727 360 2788 B.
384 2727 433 2788 alii
451 2728 507 2789 alia
529 2746 590 2788 non
607 2727 738 2810 meliora,
761 2748 835 2809 quae
853 2731 962 2812 videas,
985 2733 1011 2791 si
1029 2733 1103 2791 tanti
1121 2740 1177 2812 est,

172 2817 248 2898 apud
272 2816 405 2877 Pollium.
425 2849 467 2859 —
486 2815 552 2878 514
576 2810 691 2900 (tellas)
786 2816 896 2880 medodi
916 2820 1000 2880 aeria
1088 2835 1176 2898 pasta,

171 2909 208 2969 at
222 2903 310 2969 aobc‘s
326 2901 471 2980 maara,
488 2902 615 2967 aidane
627 2908 646 2966 i.
661 2924 685 2966 e.
704 2905 837 2966 videmus
855 2924 919 2966 eam
937 2914 1048 2968 certam
1064 2917 1176 2985 partem
1229 2913 1230 3008 q

173 3015 252 3056 esse:
270 2989 407 3058 aoembca
419 2990 568 3056 νὶᾱενώινγ
581 2993 640 3065 00.
655 2994 729 3075 edd,
745 2992 799 3055 ubi
812 2993 932 3054 verbum
952 2993 1033 3054 nullo
1046 2994 1175 3073 pondere
1229 3011 1230 3066 ν

174 3092 253 3144 esset
270 3084 425 3145 adiectum.
440 3115 482 3126 —
498 3080 564 3146 525
585 3081 633 3144 ais
655 3080 800 3162 abbatae,
821 3098 899 3161 quac
916 3079 1053 3144 membra
1071 3079 1176 3161 eteber-
1229 3111 1230 3160 ν

173 3174 237 3247 atat,
255 3179 335 3233 reete
355 3169 413 3243 00.
432 3191 458 3233 ν.
473 3167 550 3234 522:
573 3171 676 3232 tollere
695 3187 802 3249 eorpus
820 3187 880 3230 non
898 3177 1005 3251 potest,
1023 3171 1082 3232 niSi
1099 3171 1174 3250 quod
1229 3201 1230 3256 q

173 3277 228 3339 per
250 3266 346 3320 totum
368 3259 505 3321 dissitum
529 3266 585 3320 est:
611 3256 712 3320 anema
733 3257 795 3318 Lm.
818 3276 851 3318 re
873 3277 934 3319 non
955 3266 1117 3338 perspecta.
1140 3261 1174 3319 oi.
1229 3259 1230 3264 ’

173 3346 214 3407 111
234 3344 297 3408 143
317 3364 379 3425 sqq.
398 3351 470 3409 item
489 3345 552 3409 528
571 3344 696 3408 animae
719 3345 810 3406 scribi
833 3349 971 3427 oportuit,
993 3365 1053 3407 non
1071 3345 1175 3423 areima,

176 3433 255 3514 quod
278 3435 309 3493 in
331 3432 416 3494 libris
435 3442 488 3496 est.
525 3431 708 3497 509—533
727 3431 789 3494 Lm.
807 3441 876 3513 post
899 3431 1073 3497 534—563
1089 3438 1175 3515 positi
1229 3473 1230 3502 ν

177 3543 192 3584 a
211 3520 434 3583 Rockemirllero
453 3541 506 3584 suo
525 3521 589 3582 looo
607 3524 698 3602 positi
716 3529 798 3601 sunt,
821 3539 895 3600 quos
913 3521 1008 3583 alieno
1028 3541 1096 3584 sane
1114 3523 1175 3584 loeo
