2500 3882
394 889 436 974 Τ.
460 887 687 973 LUOREiTI
719 886 844 972 oniti

255 1039 346 1138 DE
391 1039 646 1138 RERUM
691 1037 988 1136 NATURA

436 1211 569 1276 elene
595 1207 805 1288 onnnrns.

167 1495 177 1585 i)
190 1502 260 1560 Avia
282 1499 433 1561 Pieridum
455 1515 580 1577 peragro
604 1497 667 1557 ioca
690 1495 799 1557 nuliius
822 1502 890 1556 ante

168 1591 238 1648 trita
262 1587 333 1648 solo.
370 1590 450 1647 iuvat
472 1589 604 1664 integros
627 1585 768 1644 accedere
791 1584 882 1644 fontis

169 1683 256 1752 atque
279 1674 413 1754 haurire,
435 1676 573 1751 iuvatque
596 1691 687 1733 novos
709 1672 870 1752 decerpere
894 1670 983 1731 flores

169 1765 374 1840 insignemque
397 1779 464 1820 meo
488 1763 577 1839 capiti
599 1767 700 1840 petere
723 1760 792 1820 inde
815 1777 968 1840 coronam,

135 1865 151 1913 5
170 1849 249 1910 unde
272 1851 355 1928 prius
377 1846 452 1909 nulli
474 1847 599 1908 velarint
619 1856 752 1926 tempora
775 1865 890 1928 musae3

170 1939 299 2018 primum
322 1937 400 2016 quod
423 1939 536 2014 magnis
560 1936 650 1996 doceo
674 1936 711 1996 de
734 1935 824 1996 rehus
848 1943 878 1996 et
899 1937 971 1995 artis

171 2025 347 2104 religionum
370 2026 501 2085 animum
523 2023 608 2084 nodis
631 2023 782 2084 exsolvere
805 2041 909 2104 pergo,

171 2113 278 2174 deinde
302 2113 379 2191 quod
403 2111 528 2173 obscura
550 2112 587 2172 de
610 2129 643 2172 rc
669 2119 729 2172 tam
751 2111 849 2172 lucida
870 2128 965 2190 pango

172 2204 314 2283 carmina,
335 2219 457 2262 musaeo
481 2202 654 2278 contingens
678 2206 783 2260 cuncta
806 2198 915 2278 lepore.

121 2304 154 2352 10
173 2290 203 2351 id
227 2308 344 2368 quoque
368 2291 446 2350 enim
470 2306 529 2348 non
552 2286 588 2346 ab
612 2286 691 2348 nulla
714 2289 828 2346 ratione
850 2287 979 2346 videtur:

173 2396 241 2438 nam
263 2377 354 2438 veluti
376 2378 478 2456 pueris
502 2374 649 2435 absinthia
671 2381 765 2435 taetra
788 2373 940 2434 medentes

173 2483 241 2525 oum
264 2465 334 2525 dare
358 2472 514 2544 conantur,
537 2466 621 2542 prius
644 2481 724 2544 oras,
745 2460 850 2542 pocula
873 2463 998 2542 circum,

174 2553 348 2629 contingunt
369 2552 465 2612 meilis
488 2551 568 2612 dulci
591 2551 723 2629 flavoque
745 2550 874 2630 liquore,

173 2645 207 2700 ut
228 2656 388 2717 puerorum
412 2647 491 2699 aetas
514 2639 668 2718 inprovida
690 2638 857 2699 ludificetur

123 2741 155 2790 15
174 2725 323 2786 labrorum
345 2732 445 2807 tenus,
468 2729 582 2787 interea
603 2733 739 2806 perpotet
761 2743 892 2786 amarum

175 2812 304 2875 absinthi
326 2812 455 2895 laticem,
478 2815 658 2894 deceptaque
681 2832 740 2874 non
763 2815 907 2893 capiatur,

175 2904 228 2964 scd
250 2903 349 2982 potius
371 2900 423 2961 tali
445 2909 530 2980 pacto
553 2908 685 2962 recreata
707 2900 846 2981 valescat,

176 2994 220 3052 sie
244 3009 297 3070 ego
321 3007 413 3070 nunc,
436 2991 574 3067 quoniam
596 2989 669 3050 haec
691 2991 765 3049 ratio
788 2988 962 3067 plerumque
985 2988 1104 3048 ridetur

175 3081 290 3139 tristior
313 3096 378 3138 esse
403 3076 509 3156 quihus
533 3094 592 3137 non
615 3084 661 3137 est
682 3083 818 3156 tractata,
840 3083 979 3154 retroque

124 3180 159 3229 20
176 3166 279 3244 volgus
302 3165 440 3226 abhorret
463 3163 498 3223 ab
521 3164 588 3246 hac,
610 3164 691 3225 volui
712 3163 767 3225 tibi
790 3162 1004 3241 suaviloquenti

177 3255 306 3313 carmine
328 3252 425 3313 Pierio
449 3255 593 3313 rationem
616 3269 763 3331 exponere
786 3257 916 3311 nostram

178 3347 208 3400 et
231 3342 315 3416 quasi
337 3358 456 3400 musaeo
480 3338 559 3399 dulci
582 3342 752 3417 contingere
774 3337 874 3418 melle;

178 3429 205 3486 si
227 3425 283 3486 tihi
305 3426 380 3485 sorte
404 3429 533 3487 animum
555 3425 608 3485 tali
631 3428 743 3485 ratione
766 3433 868 3484 tenere

178 3511 313 3596 versibus
336 3513 368 3571 in
389 3517 500 3573 nostris
523 3530 655 3592 possem,
678 3512 748 3572 dum
770 3513 900 3590 percipis
923 3530 1041 3574 omnem
