2500 3882
642 247 668 301 II

222 393 273 452 scd
297 395 390 471 magis
413 392 535 454 adsiduo
558 395 696 472 varioque
719 396 848 454 exercita
870 402 952 456 motu
1010 402 1015 414 ‘

220 483 328 559 partim
350 481 511 542 intervallis
534 484 648 560 magnis
672 482 799 542 confulta
822 482 979 564 resultant,

220 587 289 647 pars
313 571 401 630 etiam
422 567 561 630 brevibus
586 571 688 648 spatiis
710 576 853 631 vexantur
875 569 910 630 ab
933 573 1002 632 ictu.

150 664 202 713 100
221 663 252 717 00
275 674 475 736 quaecumque
498 659 591 735 magis
615 658 762 718 condenso
786 658 944 719 conciliatu

222 748 336 823 exiguis
359 745 520 806 intervallis
543 753 681 806 convecta
704 746 860 827 resultant,

220 833 391 912 indupedita
415 836 476 893 suis
499 834 648 912 perplexis
670 837 734 912 ipsa
756 836 874 914 liguris,

221 921 293 981 haec
316 921 426 982 validas
449 923 512 981 saxi
534 921 649 982 radices
672 929 702 981 et
724 922 786 983 lera
807 923 880 984 ferri

222 1027 345 1087 corpora
368 1011 550 1070 constituunt
572 1016 602 1069 et
625 1016 723 1070 cetera
744 1009 781 1072 de
803 1029 910 1089 genere
933 1011 1038 1072 horum

151 1107 202 1154 100
221 1097 353 1176 paucula.
391 1115 464 1176 quae
487 1114 576 1176 porro
598 1115 736 1175 magnum
759 1101 921 1177 perinane
944 1108 1084 1178 vagantur

604 1192 610 1206 ⁸
644 1205 662 1242 0

222 1280 320 1333 cetera
342 1272 492 1333 dissiliunt
513 1272 598 1350 longe
622 1272 765 1352 longeque
788 1282 943 1334 recursant

221 1363 253 1421 in
275 1363 388 1440 magnis
410 1359 585 1420 intervallis:
607 1360 680 1420 haec
703 1366 769 1421 aera
793 1379 893 1421 rarum

223 1450 372 1510 sufficiunt
394 1448 481 1508 nobis
504 1455 534 1508 00
556 1448 708 1526 splendida
730 1448 842 1509 lumina
865 1449 944 1510 solis.

221 1537 369 1615 multaque
392 1543 543 1615 praeterea
568 1554 706 1614 magnum
728 1555 782 1615 per
805 1539 892 1597 inane
914 1545 1067 1619 vagantur,

150 1633 202 1682 110
222 1625 354 1686 conciliis
378 1643 477 1684 rerum
500 1642 574 1702 quae
598 1631 667 1684 sunt
689 1626 798 1684 reiecta
819 1643 875 1686 nec
897 1643 1021 1705 usquam

222 1715 389 1774 consociare
413 1714 501 1772 etiam
523 1719 621 1773 motus
643 1719 766 1791 potuere
790 1719 916 1791 recepta.

222 1803 319 1881 cuius,
341 1802 386 1860 uti
408 1817 552 1881 memoro,
574 1802 619 1860 rei
643 1801 831 1862 simulacrum
855 1809 884 1862 00
906 1805 1002 1880 imago

221 1896 287 1949 ante
311 1888 411 1949 oculos
435 1907 552 1967 semper
574 1888 659 1949 nohis
682 1895 816 1950 versatur
839 1896 868 1950 et
890 1891 988 1950 instat.

222 1976 433 2055 contemplator
455 1978 548 2057 enim,
571 1994 638 2037 cum
662 1977 732 2037 solis
755 1977 865 2037 lumina
888 1996 1012 2057 cumque

151 2075 201 2122 110
221 2067 325 2126 inserti
348 2064 474 2124 fundunt
496 2064 571 2124 radii
588 2083 643 2143 per
666 2083 755 2144 opaca
777 2065 943 2125 domorum:

220 2153 311 2214 multa
333 2155 444 2213 minuta
466 2152 561 2211 modis
585 2151 685 2212 multis
708 2170 761 2231 per
784 2155 870 2213 inane
892 2153 1005 2213 videbis

222 2259 343 2320 corpora
366 2242 495 2320 misceri,
517 2239 667 2299 radiorum
690 2240 800 2300 lumine
823 2243 854 2300 in
877 2243 954 2320 ipso,

221 2338 251 2390 et
273 2329 352 2390 velut
374 2335 493 2389 aeterno
517 2329 677 2387 certamine
700 2328 812 2406 proelia
833 2346 945 2409 pugnas

220 2417 309 2478 edere
331 2418 481 2477 turmatim
504 2417 646 2476 certantia
667 2433 723 2477 nec
747 2417 815 2476 dare
837 2433 972 2497 pausam,

151 2515 201 2563 100
221 2505 354 2566 conciliis
377 2512 406 2565 00
429 2503 562 2564 discidiis
585 2506 715 2565 exercita
738 2504 863 2584 crebris3

221 2595 356 2655 conicere
379 2600 412 2652 ut
434 2594 530 2670 possis
554 2609 590 2652 ex
612 2591 682 2673 hoc,
704 2591 865 2670 primordia
887 2610 988 2652 rerum

221 2681 305 2760 quale
329 2683 368 2741 sit
390 2683 421 2740 in
442 2698 548 2758 magno
570 2682 674 2740 iactari
697 2697 814 2757 semper
835 2681 923 2740 inani.

221 2769 383 2850 dumtaxat,
405 2787 505 2828 rerum
528 2785 698 2846 magnarum
720 2785 809 2845 parva
831 2774 928 2846 potest
950 2787 999 2829 res

221 2856 386 2936 exemplare
410 2856 479 2916 dare
503 2863 533 2918 et
554 2858 676 2934 vestigia
698 2857 820 2916 notitiai.

153 2954 200 3003 105
219 2945 276 3005 hoc
299 2947 387 3005 etiam
410 2946 502 3022 magis
523 2945 596 3004 hacc
619 2946 749 3004 animum
772 2951 801 3004 00
824 2944 976 3004 advertere
999 2961 1053 3021 par
1075 2951 1120 3004 est

221 3051 344 3111 corpora
367 3034 495 3111 quaein
518 3031 588 3092 solis
611 3032 702 3092 radiis
724 3031 843 3092 turbare
865 3031 1014 3112 videntur,

221 3121 298 3200 quod
321 3120 394 3180 tales
417 3120 520 3181 turbae
542 3127 640 3180 motus
664 3138 779 3199 quoque
801 3121 937 3180 materiai

221 3210 386 3287 significant
409 3207 605 3269 clandestinos
628 3226 787 3287 caecosque
810 3206 941 3267 subesse.

219 3297 310 3358 multa
333 3295 445 3357 videbis
469 3298 548 3356 enim
570 3294 663 3373 plagis
686 3295 728 3355 ihi
750 3297 862 3373 percita
885 3297 980 3356 caecis

152 3394 201 3444 100
221 3393 400 3446 commutare
422 3386 499 3444 viam
521 3390 660 3460 retroque
684 3382 800 3460 repulsa
823 3385 944 3464 reverti,

220 3492 299 3534 nunc
320 3474 378 3534 huc
401 3491 480 3533 nunc
502 3471 585 3551 illuc,
607 3472 638 3530 in
662 3476 781 3530 cunctas
804 3470 934 3548 undique
958 3472 1058 3548 partis.

221 3561 346 3642 scilicet,
368 3561 416 3621 hic
439 3579 455 3620 a
478 3560 632 3639 principiis
655 3565 700 3618 est
723 3556 860 3618 omnibus
883 3575 974 3618 error.

904 3655 939 3708 3⁸
