2500 3882
94 193 136 259 28
588 191 602 246 1

182 343 233 402 fiet
254 343 299 402 uti
321 357 467 420 nusquam
489 341 583 420 possit
606 341 769 400 consistere
792 340 874 421 finis,

182 430 382 508 effugiumque
403 429 489 506 lugeo
510 426 637 507 prolatet
659 429 743 505 copia
767 445 891 507 semper.

181 524 335 597 praeterea
356 518 484 595 spatium
507 518 633 576 summai
654 517 745 575 totius
769 533 856 576 omne

111 605 315 683 secundique
338 606 364 664 si
387 602 533 664 inclusum
554 605 645 664 certis
669 605 846 664 consisteret
869 607 931 664 oris
1066 621 1110 662 999

113 700 165 750 080
183 694 356 771 finitumque
380 691 469 771 foret,
491 693 550 750 iam
573 694 657 770 copia
678 692 813 751 materiai

182 781 313 859 undique
335 778 516 859 ponderibus
539 779 641 839 solidis
665 779 813 840 confluxet
835 780 871 839 ad
895 782 1001 863 imum,

183 887 238 928 neo
261 884 309 927 res
330 867 390 927 ulla
413 868 476 944 geri
500 866 554 926 sub
578 866 651 927 caeli
675 869 804 945 tegmine
826 876 941 949 posset,

183 974 239 1016 uec
255 955 339 1014 leret
361 957 480 1016 omuino
503 953 622 1015 eaelum
639 971 735 1033 neque
758 953 869 1015 lumina
892 956 977 1038 solis;

113 1050 169 1101 990
183 1045 292 1123 quippe
315 1042 367 1102 ubi
389 1045 528 1103 materies
552 1045 647 1102 omnis
671 1042 817 1103 cumulata
839 1045 950 1105 iaceret
1065 1061 1109 1102 999

114 1139 166 1190 980
183 1149 221 1192 ex
243 1131 359 1192 infinito
381 1133 440 1191 iem
461 1138 595 1210 tempore
618 1130 806 1192 subsidendo.

185 1227 214 1280 at
236 1237 328 1300 nune,
349 1221 504 1300 9110199919,
527 1220 646 1297 requies
669 1219 739 1279 detu
761 1221 977 1298 principiorum

185 1307 358 1387 corporibus
380 1307 501 1388 nullast,
525 1309 594 1386 quia
616 1306 658 1366 nil
681 1314 726 1366 est
748 1306 880 1367 funditus
903 1310 1010 1390 imnum,
1090 1337 1093 1344 v

185 1412 243 1475 quo
265 1399 351 1475 quasi
373 1396 523 1458 conlluere
546 1402 577 1455 et
599 1394 685 1455 sedes
707 1393 759 1454 ubi
780 1411 892 1473 ponere
914 1399 1039 1475 possint.

114 1492 169 1542 995
183 1503 302 1564 semper
323 1487 354 1544 in
377 1484 498 1545 adsiduo
521 1490 674 1543 moturos
698 1498 831 1561 quaeque
852 1491 998 1561 gerumtur
1064 1501 1109 1543 999

115 1579 167 1628 900
184 1571 319 1651 partibus
341 1574 373 1631 in
395 1574 522 1651 eunetis,
544 1571 718 1648 infernaque
742 1570 967 1649 suppeditantur

185 1678 221 1719 ex
243 1660 358 1719 infinito
382 1661 440 1719 cita
463 1676 585 1737 corpora
607 1659 748 1718 materiai.

228 1741 237 1830 ll
250 1746 402 1807 Postremo
426 1754 493 1807 ante
516 1745 617 1807 oculos
639 1763 688 1809 res
710 1762 775 1806 rem
798 1745 884 1806 finire
905 1746 1036 1809 videtur:

185 1839 236 1895 aer
257 1835 400 1914 dissaepit
422 1833 505 1895 collis
527 1841 615 1912 atque
638 1838 706 1894 aera
729 1840 858 1914 montes,

97 1930 171 1982 1000
183 1930 263 1984 terra
279 1941 361 1984 mare
379 1930 411 1984 et
428 1929 530 1983 contra
548 1939 629 1982 mare
649 1928 744 1982 terras
763 1924 903 1982 terminat
920 1926 1030 1984 omnis:
1051 1940 1109 1981 roeo

115 2019 167 2069 900
186 2029 272 2072 omne
295 2011 413 2090 quidem
435 2029 505 2072 vero
528 2009 571 2071 nil
593 2009 741 2088 estquod
763 2009 846 2070 finiat
868 2007 987 2092 9919911
1012 2045 1015 2048 -

228 2099 281 2160 Est
303 2101 394 2178 igitur
415 2106 521 2160 natura
542 2097 600 2160 loci
623 2099 807 2178 spatiumque
830 2099 982 2180 profundi,

186 2188 263 2267 quod
286 2206 383 2266 neque
406 2186 560 2252 91999999
582 2185 905 2266 percurrerolulmina
928 2205 1019 2248 cursu
1095 2227 1099 2235 -

185 2283 328 2356 perpetuo
351 2279 467 2355 possint
489 2278 552 2336 aeri
574 2273 702 2336 labentia
725 2279 821 2334 tractu

100 2373 170 2423 1005
183 2383 239 2425 nec
260 2382 398 2443 prorsum
421 2365 518 2424 iacere
540 2370 575 2424 ut
596 2369 689 2424 restet
711 2364 809 2422 minus
828 2363 873 2423 ire
890 2363 1030 2430 meendoa
1052 2381 1107 2422 roos

99 2459 168 2509 1000
185 2469 280 2529 usque
302 2451 374 2511 adeo
397 2453 508 2530 passim
529 2457 610 2530 patet
623 2452 736 2528 ⁴ingens
760 2451 843 2528 eopia
866 2450 969 2534 rebus,

184 2538 293 2599 finibus
317 2541 474 2618 exemptiS,
497 2539 527 2598 in
551 2544 671 2598 cunctas
695 2537 827 2616 undique
848 2541 950 2617 partie.

184 2629 249 2706 ipsa
271 2626 392 2686 modum
414 2643 502 2705 porro
525 2625 584 2685 sibi
607 2643 708 2685 rerum
731 2642 845 2686 summa
867 2645 971 2706 parere

185 2733 222 2775 ne
245 2715 352 2794 possit,
374 2721 479 2775 natura
501 2718 596 2794 tenet,
619 2730 693 2791 quae
718 2731 826 2793 corpas
848 2717 929 2775 inani

96 2809 168 2861 1010
184 2810 214 2864 et
237 2801 314 2880 quod
337 2803 424 2862 inune
447 2807 575 2862 autemst
596 2801 677 2861 finiri
700 2819 824 2881 corpore
847 2804 938 2886 cogit⁷
1051 2820 1107 2861 1oro

97 2898 165 2949 1005
184 2899 218 2953 ut
240 2893 284 2952 slc
307 2889 428 2950 alternis
450 2889 565 2952 infinita
589 2891 686 2949 omnia
709 2889 826 2972 reddet,

184 2986 234 3041 aut
260 2980 349 3040 etiam
376 2977 564 3058 alterutrum,
592 2980 652 3038 nisi
675 2980 816 3040 terminet
839 2978 962 3040 alterum
985 2997 1106 3064 eorum,

184 3067 317 3148 simplice
341 3074 445 3128 natura
467 3073 566 3146 pateat
586 3074 686 3127 tamen
708 3067 925 3129 inmoderatum

589 3175 608 3212 ss

182 3261 238 3304 neo
260 3261 341 3304 mare
364 3261 421 3303 nec
441 3241 530 3304 tellus
552 3260 651 3321 neque
673 3241 748 3302 caeli
772 3242 868 3304 lucida
890 3243 1000 3323 templa

95 3340 166 3392 1015
181 3349 236 3391 nec
258 3330 382 3390 mortale
405 3349 498 3409 genus
521 3349 576 3392 nee
599 3331 699 3392 diuum
723 3346 846 3410 corpora
869 3339 970 3392 sancta
1050 3349 1105 3389 1919

95 3428 164 3481 1010
183 3420 321 3496 exiguum
344 3427 466 3496 possent
488 3421 572 3480 horai
594 3421 701 3480 sistere
723 3425 853 3499 tempus:

181 3526 249 3570 nam
273 3505 404 3584 dispulsa
427 3526 480 3568 suo
504 3508 540 3567 de
564 3513 650 3567 coetu
672 3508 807 3566 materiai
