2496 3876
116 189 231 245 XXXIV
476 187 758 251 Puouuoonunn.

117 344 166 397 aut
188 335 393 414 Bernaysianis
417 336 563 413 signatum
585 337 756 417 invenisset,
780 336 829 397 hic
853 343 1018 416 quaereret,
1040 335 1123 398 nullo

117 426 235 501 negotio
271 425 404 502 reperire
439 429 548 502 posset.
603 442 670 484 cum
707 427 797 502 igitur
828 422 1032 485 Lachmannns
1069 443 1123 486 eos

116 530 270 592 numeros,
303 530 429 590 quorum
460 510 562 570 ordine
595 514 626 572 in
652 511 848 572 Leidensibns
880 531 984 574 versus
1012 519 1125 593 extant,

117 603 205 660 etiam
232 603 264 660 in
290 617 429 660 versuum
451 599 731 677 transpositionibus
761 609 976 682 conservasset,
1004 619 1037 661 eo
1062 619 1123 680 quo

117 691 148 748 in
176 706 229 749 sno
257 687 417 765 exemplari
443 704 546 746 versus
573 705 605 748 se
634 689 804 766 exciperent
832 689 934 749 ordine
962 708 1021 749 non
1044 689 1121 749 indi-

117 783 190 856 cato,
214 785 243 837 et
263 776 439 852 Bernapsius
462 774 625 845 naturalem
643 793 781 849 versuum
800 777 934 837 ordinem
952 777 1122 858 indicasset,

117 883 220 925 versus
245 864 395 946 damnatos
414 869 532 930 tantum
554 881 614 932 non
633 861 800 942 semper‘in
818 871 900 940 teratu
918 865 1057 925 cancellis
1075 868 1120 925 in-

117 952 248 1032 cludens,
272 968 326 1028 ego
350 958 537 1022 eostantum
559 969 662 1022 uersus
685 954 846 1032 numeravi,
869 955 920 1031 qui
942 960 976 1013 ut
998 952 1033 1013 ab
1055 956 1120 1032 ipso

116 1047 202 1120 poeta
222 1040 325 1116 scripti
347 1040 382 1098 in¹
397 1038 558 1110 hoctextu
572 1037 718 1120 leguntur,
740 1042 801 1116 uisi
819 1041 969 1120 quodper
981 1059 1121 1116 ¹errorem

116 1148 141 1188 v.
156 1125 243 1189 1768
253 1124 314 1186 Lm.
325 1129 484 1186 numeravi.
506 1145 609 1198 eorum
619 1125 692 1205 quos
703 1135 736 1188 ut
746 1130 887 1188 insititios
896 1131 984 1206 omisi
992 1129 1122 1209 indicavi

116 1233 265 1296 numeros,
287 1214 538 1282 Lachmannianos
561 1215 706 1297 videlicet,
728 1218 760 1276 in
782 1217 882 1294 intima
899 1219 1018 1296 pagina:
1041 1217 1124 1300 qnod

117 1322 182 1364 eam
205 1303 241 1363 ob
254 1317 384 1364 'cansam
406 1304 473 1384 leci,
494 1321 531 1364 ne
555 1307 694 1380 carminis
717 1308 939 1380 continuitatem
961 1308 1121 1386 interrum-

116 1399 220 1471 pentes
235 1392 400 1453 molestiam
413 1393 560 1453 afferrent.
591 1394 752 1472 significavi
766 1401 868 1454 autem·
878 1401 1036 1474 currentes
1046 1412 1122 1471 quos

117 1481 219 1542 dicunt
241 1481 329 1542 huius
348 1475 490 1542 editionis
504 1499 644 1541 versuum
661 1499 801 1541 numeros
819 1481 964 1556 stantibus
982 1499 1121 1564 numero-

117 1588 183 1629 rum
217 1571 308 1646 signis
336 1571 367 1628 in
396 1571 515 1628 sinistro
542 1570 675 1644 margine
703 1569 836 1644 appictis.
887 1571 938 1645 qui
965 1576 1123 1630 currentes

116 1658 233 1716 numeri
250 1655 303 1715 ubi
320 1654 564 1732 eidemsuntoui
577 1653 768 1733 Bernaysiaui
781 1661 868 1732 atque
882 1652 1123 1739 Lachmanniani,

118 1743 172 1802 soli
191 1743 337 1820 leguntur.
368 1741 420 1801 ubi
437 1759 507 1801 vero
526 1740 630 1816 autgab
649 1740 749 1802 alteris
767 1743 843 1802 utris
862 1749 911 1801 aut
929 1741 965 1801 ab
983 1744 1125 1826 utrisque¹

117 1831 268 1910 differunt,
292 1831 409 1907 utrique
433 1828 674 1909 adscriptisunt,
697 1836 726 1890 et
748 1829 977 1891 Lachmanniani
1000 1831 1122 1915 quidem

116 1920 233 1978 numeri
255 1920 286 1989 in
309 1918 412 1977 dextro
435 1919 580 1998 margine,
606 1917 798 1995 Bernaysiani
820 1920 852 1978 in
875 1921 1015 2000 Sinistro,
1035 1921 1122 2000 ethi

117 2006 236 2085 quidem
272 2023 464 2076 numerorum
489 2007 592 2083 signis
622 2005 752 2083 ,paulum
788 2006 944 2084 inclinatis.
1002 2007 1121 2068 lineolis

117 2096 434 2175 geminatis,⁴qnor‘um
455 2093 684 2172 ¹exemplarjhoc
708 2102 766 2171 est:
793 2088 802 2176 ll
823 2088 846 2178 ΙΙ,
870 2113 922 2156 eos
945 2113 1048 2156 versus
1071 2115 1121 2176 me

116 2184 281 2264 inclusisse,-
300 2185 351 2261 qni
366 2194 444 2254 cuin„
455 2182 574 2261 abipso
588 2189 685 2261 poeta.
698 2184 802 2261 scripti
816 2190 924 2264 essent,
942 2190 1041 2244 tamen
1059 2202 1119 2268 non

115 2272 258 2334 baberent
280 2270 332 2331 ubi
355 2278 424 2350 aptev
444 2270 670 2350 collocarentur,
682 2273 817 2348 ⁴vixest
832 2271 910 2349 quod
932 2290 1075 2333 moneam.

196 2360 344 2439 'Sequitur
371 2354 466 2430 altera
483 2354 576 2419 ¹huius
603 2360 792 2438 praelationis
819 2378 901 2440 para,
928 2361 960 2419 in
988 2379 1045 2440 qua
1067 2379 1118 2420 eos

115 2448 209 2528 locos,
240 2448 346 2524 quibus
370 2447 598 2523 abachmanno⁸
617 2449 667 2507 aut
689 2466 706 2508 a
727 2448 886 2525 Bernaysio
910 2449 1065 2528 dissentio,
1093 2449 1119 2530 si

115 2554 175 2596 non
202 2553 318 2614 omues,
345 2534 583 2608 nam'levissinra
606 2527 738 2612 quaeque
761 2553 821 2595 non
844 2553 928 2616 curo,
955 2544 984 2596 at
1000 2536 1118 2617 pleros·

116 2641 172 2702 que
209 2640 268 2682 uno
303 2625 334 2681 in
351 2630 526 2699 ¹conspectu
557 2621 689 2702 ponam,
714 2622 848 2704 adiectis,
885 2622 980 2683 sicubi
1012 2642 1117 2702 operae

114 2713 244 2790 pretinm
271 2727 336 2769 esse
364 2710 472 2778 visum·
487 2711 556 2789 erit,
584 2712 673 2770 etiam
699 2712 757 2790 eis,
783 2729 857 2789 quae
879 2711 984 2772 Munro
1007 2703 1124 2772 [tocke-¹

115 2799 257 2860 mullerus
290 2797 340 2856 alii
371 2799 402 2856 in
429 2813 550 2886 ,quoque
581 2796 645 2870 loco
666 2796 719 2873 ¹rel
738 2801 930 2877 ¹scripserunt
955 2799 1001 2859 vel
1029 2800 1119 2861 scribi

114 2891 273 2950 iusserunt.
447 2945 450 2955 ,
476 2881 479 2887 ’
511 2951 514 2958 ,
611 2953 613 2959 ,
664 2957 667 2960 ,
734 2953 736 2960 ‚

202 2976 245 3037 lta
273 2992 342 3035 vero
370 2990 434 3032 rem
457 2973 580 3048 institpi.
602 3027 605 3037 ,
626 2975 722 3051 primo
746 2973 810 3034 loco
832 2973 940 3052 legitur
963 2976 1040 3054 qnod
1064 2969 1119 3054 ego

115 3067 235 3145 scripsi,
272 3063 444 3130 auctoritate
481 3060 528 3120 vel
563 3068 687 3140 anctore
715 3060 842 3143 adiect03
879 3065 931 3141 qui
962 3066 989 3124 si
1019 3063 1118 3124 nullus

115 3152 246 3214 adiectus
280 3157 338 3230 est,
360 3153 433 3228 ipse
465 3155 567 3209 auctor
597 3168 663 3209 sum
691 3152 764 3229 sive·
779 3152 964 3212 coniecturae
993 3154 1053 3212 sive
1082 3152 1118 3213 ad

115 3241 249 3302 codicum
281 3239 369 3298 iidem
396 3237 517 3310 reditus.
568 3239 693 3299 cursivis
722 3256 795 3318 quas
822 3239 924 3299 dicunt
950 3239 1056 3300 litteris
1084 3259 1118 3301 ea

114 3331 176 3391 lere
201 3344 340 3406 expressa
353 3332 475 3404 extant,
498 3343 572 3404 quae
597 3345 665 3388 cum
687 3329 718 3389 in
741 3327 826 3388 libris
849 3346 937 3388 manu
961 3328 1118 3408 descriptis

115 3418 308 3493 excidissent,
338 3411 373 3472 ab
394 3413 560 3474 ’editoribus
583 3421 664 3476 recte
688 3418 824 3477 restituta
847 3434 913 3476 esse
936 3416 1117 3477 videbantur.

201 3494 342 3586 illd—911
356 3518 421 3562 ann.
435 3500 552 3564 Lucret.
569 3500 654 3566 1889
668 3522 696 3582 p.
712 3501 784 3564 233.
811 3497 956 3586 pru-,55
971 3497 1116 3585 (ὅθ-»61
