2496 3876
493 222 774 278 PROLEGOMENA.
1028 219 1139 274 LXXIX

120 373 170 433 eet
185 369 293 450 taynus
364 367 478 432 ardor?
510 367 624 434 sedeat
640 373 670 433 et
679 369 796 450 fluuius
813 367 867 449 qut
883 367 969 430 visus
987 365 1137 430 muutuu'

121 459 317 539 marquart,
336 457 466 538 <inques
484 461 529 520 est
545 505 680 535 ........
694 458 744 536 et>
763 457 818 538 qut
834 475 898 519 uou
915 459 986 518 aute
1004 454 1138 535 alequam

121 545 276 610 mierum
296 544 388 622 uidit,
411 549 440 608 et
460 546 568 626 iuqens
587 556 654 609 ete:
677 545 732 626 qut
753 545 839 609 uisus
860 544 1017 608 enauimus
1037 543 1137 624 etqui

122 653 191 698 unu
271 633 330 706 00.
350 635 459 696 Vahlen
477 635 494 696 Ι.
514 655 538 696 c.
561 655 590 716 p.
611 633 660 699 15.
697 635 811 696 Nollem
839 635 909 695 elim
931 633 1059 694 Vahleno
1088 632 1136 693 ad-

125 743 235 786 sensus
263 741 368 784 essem.
408 741 477 783 uam
508 742 605 803 neque
632 725 732 805 video,
764 723 910 803 quomodo
943 729 994 784 aut
1025 740 1062 782 ex
1093 723 1136 782 eis

127 831 204 893 quae
231 811 414 892 praeeeduut
440 818 490 872 aut
518 829 553 872 ex
580 815 625 872 eis
654 831 727 892 qnae
756 818 921 891 sequuntur
948 809 1136 888 subintellegi

125 902 223 980 possit
250 899 329 980 quod
357 917 431 978 opus
459 905 505 960 est
532 897 648 979 ‘ingens
676 895 742 981 est',
772 906 802 961 et
832 902 911 960 inest
941 901 973 960 iu
1001 899 1136 960 codicum

126 987 228 1049 verbis
251 990 351 1067 inepta
373 987 545 1070 tautologia,
571 1006 632 1048 nen
659 988 745 1049 aliter
769 1007 804 1049 ae
827 991 853 1048 si
874 995 976 1048 nostro
1000 1003 1135 1048 sermone

127 1076 210 1137 dieas
244 1071 310 1136 ‘der
340 1081 454 1154 grasste
481 1076 567 1157 fluss,
599 1077 657 1138 den
686 1076 807 1156 jemand
835 1077 963 1155 geseheu
989 1076 1051 1156 hat,
1083 1075 1137 1136 der

120 1165 238 1226 :keiuen
270 1169 428 1242 guissereu
460 1165 588 1242 gesehen
619 1160 689 1226 hat'.
729 1166 906 1245 prudentius
937 1162 999 1224 Lm.
1034 1160 1137 1242 quivus

127 1254 173 1316 est
193 1249 364 1333 mutuum
391 1251 517 1332 probant
538 1252 570 1312 B.
594 1259 624 1313 et
645 1253 708 1333 Mn,
732 1253 783 1313 sed
806 1271 866 1312 uon
890 1255 1042 1331 quaeritur
1065 1251 1136 1330 quid

127 1344 291 1402 maximum
314 1343 365 1421 sit,
389 1340 441 1400 sed
464 1339 535 1419 quid
558 1343 662 1418 ingens
687 1343 738 1420 sit,
761 1341 797 1400 ef.
820 1359 846 1400 v.
862 1337 936 1400 670.
956 1373 998 1384 -
1018 1337 1082 1400 690
1093 1358 1135 1417 sq.

121 1427 187 1492 'aar
207 1426 254 1490 ue
273 1425 497 1507 fatendumst*
514 1427 567 1488 ΜΓ.
594 1430 624 1490 et
637 1429 801 1507 penetrare
822 1425 923 1490 murts
938 1425 1065 1506 penitus
1087 1442 1136 1488 res

127 1514 208 1598 eope'd
219 1518 339 1596 apertu
373 1516 409 1577 de
423 1516 596 1578 anacolutho
610 1517 676 1577 vide
692 1536 718 1576 v.
733 1536 760 1596 p.
771 1515 881 1576 XXVII.
909 1515 981 1594 quid
994 1513 1138 1576 exciderit

129 1623 317 1684 nequaquam
340 1611 467 1685 constat3
495 1606 530 1665 ef.
555 1612 653 1666 tamen
677 1623 751 1684 quae
773 1603 867 1665 Bentl.
890 1604 928 1664 de
950 1622 983 1664 re
1006 1602 1137 1681 disputat

129 1697 163 1754 iu
185 1693 273 1754 Luer.
295 1693 341 1754 ed.
359 1692 373 1752 1
391 1692 565 1771 Glasguensi
587 1693 623 1754 ad
643 1692 662 1754 l.
680 1693 717 1753 lV
730 1691 796 1755 466
807 1712 850 1772 sq.
887 1695 1022 1772 suspicor
1045 1693 1137 1768 scrip-

129 1789 194 1842 tum
217 1799 283 1842 esse
306 1800 322 1841 a
347 1788 434 1860 poeta
459 1797 508 1842 res
535 1779 614 1860 coqu
634 1783 753 1864 apertu,
781 1781 861 1861 quod
888 1788 934 1842 est
960 1775 1137 1861 ἐνάργημα,

130 1871 167 1930 ef.
191 1868 226 1929 ad
249 1867 384 1931 111353.
420 1886 485 1929 rem
507 1877 638 1948 apertam
665 1878 736 1949 puto
764 1870 873 1931 dictam
898 1887 964 1930 esse
987 1868 1136 1929 declarare

130 1957 251 2036 aliquid.
272 1989 318 2002 -
342 1953 406 2019 705
416 1974 459 2035 sq.
489 1953 585 2020 Nilus
671 1955 826 2020 reduudut
849 1955 959 2019 unicus
980 1954 1017 2018 tu
1039 1953 1137 2030 terris

129 2041 264 2125 Aepyptt'
275 2042 367 2106 tetius
380 2042 492 2107 amaus
523 2049 572 2106 vix
585 2046 749 2107 credideris
761 2045 980 2107 Lachmanuum
994 2043 1137 2122 virgulam

129 2142 199 2214 post
213 2131 302 2195 terrt's
317 2133 460 2194 sublatam
473 2141 541 2213 pust
558 2133 711 2196 redundat
723 2151 846 2212 ponere:
866 2151 954 2211 quem
974 2140 1138 2211 sequuntur

130 2225 166 2282 iu
188 2229 289 2301 apertu
313 2239 414 2282 errore
437 2222 468 2282 Β.
488 2229 518 2282 et
539 2222 592 2283 Mr.
616 2255 658 2268 —-
682 2219 745 2283 731
769 2238 847 2300 quae
868 2223 951 2281 suut
971 2216 1037 2280 keu
1058 2236 1139 2280 euru

130 2328 188 2390 que
214 2306 357 2389 lautaque
382 2309 478 2370 Bim:
509 2307 574 2371 siut
599 2308 657 2382 OQ.
681 2309 745 2370 edd.
768 2341 813 2354 -
837 2306 900 2370 733
928 2324 985 2384 quo
1006 2299 1140 2368 {Auerna

129 2400 278 2462 vocantur
303 2395 426 2460 uourue
448 2398 510 2458 Lm.
533 2397 565 2459 B.
596 2395 678 2476 quad
758 2393 882 2458 nomine
903 2394 961 2467 00.
984 2395 1037 2455 ΜΓ.
1061 2396 1138 2474 quod

130 2505 237 2548 uereor
258 2493 292 2547 ut
314 2486 437 2548 latinum
460 2489 506 2548 sit.
534 2519 576 2534 .-
601 2483 665 2547 742
687 2487 733 2546 est
752 2490 789 2547 et
810 2480 979 2546 Atuueu
1001 2482 1059 2555 00.
1073 2483 1139 2543 Mn:

130 2577 169 2636 ut
185 2575 246 2635 Lm.
260 2574 292 2635 Β.
315 2594 341 2636 v.
359 2594 388 2655 p.
402 2574 499 2635 XXIV.
518 2609 561 2616 —
580 2571 644 2636 748
663 2575 779 2635 uatum
792 2568 850 2634 leet
867 2589 943 2652 epus
960 2569 1055 2652 efficit
1070 2569 1141 2650 apsa

130 2665 240 2742 suapte
262 2662 335 2734 OQ:
363 2662 567 2724 Lachmauuus
590 2680 686 2740 neque
709 2665 741 2722 iu
759 2662 841 2723 hiatu
864 2680 960 2741 neque
984 2663 1015 2720 iu
1033 2662 1140 2739 suapte

131 2753 221 2813 nimis
245 2753 374 2830 graviter
392 2751 525 2811 offendit:
548 2769 650 2811 vocem
668 2767 744 2830 opus
761 2751 835 2811 ferri
852 2769 941 2829 posse
958 2756 1055 2830 negat,
1072 2751 1140 2808 irri-

132 2841 226 2919 sione,
245 2857 319 2918 quae
338 2841 417 2900 inest
435 2841 466 2900 in
483 2839 571 2900 huius
585 2841 667 2900 vocis
681 2841 835 2920 gravitate,
851 2857 911 2899 non
924 2843 1087 2916 perspecta.
1098 2869 1139 2880 —-

133 2924 198 2989 750
208 2945 272 3006 sqq.
289 2925 490 3006 quadrupedes
500 2973 506 2988 .
518 2973 542 2988 ..
562 2925 706 2989 munibus
720 2929 755 2989 ut
766 2925 796 2989 si
808 2927 892 2990 adut
905 2923 987 2988 diuis
999 2926 1140 2986 mactatu

132 3015 191 3086 OQ.
205 3015 271 3076 edd.
286 3016 322 3076 cf.
337 3035 365 3095 p.
379 3015 453 3076 XIX.
468 3051 511 3058 —
531 3013 595 3078 754
612 3013 722 3094 qudam
736 3032 757 3078 e
773 3015 855 3095 [taut
870 3011 974 3077 euusu's
992 3013 1050 3083 OQ.
1061 3012 1140 3072 edd:

132 3101 243 3184 esttuut
257 3103 331 3185 Lm,
353 3106 418 3164 siue
442 3123 537 3166 causa.
560 3137 603 3148 -
626 3105 790 3181 nefarie
811 3101 860 3164 tu's
878 3098 1052 3180 tentandus
1074 3100 1141 3163 Mn:
1244 3147 1245 3150 ,

131 3209 170 3253 ue
186 3193 258 3270 pote
279 3189 309 3253 ts
331 3191 390 3263 uQ.
423 3188 531 3254 Putets
553 3191 614 3252 Lm.
634 3191 665 3252 Β.
689 3225 732 3236 -
762 3190 823 3254 781
836 3209 879 3269 sq.
907 3197 975 3250 aute
1004 3187 1066 3251 777
1078 3208 1140 3268 sqq.

133 3279 256 3340 collocat
277 3279 449 3358 Kaunneng.
473 3281 542 3340 diss.
566 3299 594 3359 p.
613 3279 664 3341 40.
688 3313 730 3322 -—
756 3277 872 3358 772sq.
896 3296 954 3358 per
979 3276 1066 3358 apsqu
1092 3276 1142 3338 tu-

131 3366 262 3430 siaurnut
276 3366 367 3430 uaris
383 3366 498 3448 infesta
515 3369 604 3446 utque
622 3385 734 3446 aspera
752 3384 849 3430 sese:
870 3369 952 3428 tuctu
969 3367 1038 3447 00„
1062 3365 1140 3444 quod

133 3475 169 3517 ex
191 3475 280 3517 versu
298 3459 432 3536 proximo
451 3457 509 3518 hue
527 3459 656 3536 irrepsit.
670 3490 712 3500 -
732 3453 796 3517 792
807 3475 849 3535 sq.
872 3451 1029 3516 sicelides
1048 3451 1142 3514 ettam

132 3546 274 3606 euuetere
292 3541 428 3606 lavatus
439 3540 563 3624 plenior
582 3549 619 3606 et
631 3543 769 3620 furuis
792 3545 898 3622 scripsi
921 3560 975 3620 pro
999 3537 1142 3618 effluerts,

132 3631 286 3694 leuissima
306 3636 476 3716 mutatione,
499 3652 559 3694 nou
582 3634 721 3710 ignoraus
745 3638 844 3692 tamen
863 3629 995 3690 voculam
1016 3629 1045 3688 et
1066 3626 1142 3704 apud
1242 3645 1243 3648 ¹
