2512 3874
127 213 190 277 146
613 210 640 264 V

196 365 242 419 est
264 359 354 418 etiam
377 373 494 436 quoque
518 357 563 416 uti
584 359 680 435 possit
703 356 817 417 caelum
841 375 927 417 omne
950 376 1072 419 manere

147 519 154 538 ι
195 449 227 506 in
250 448 390 526 statione,
413 451 511 504 tamen
535 462 603 504 cum
625 443 723 505 lueida
746 446 829 523 signa
852 445 999 527 ferantur,

196 536 257 594 sive
281 532 360 613 quod
382 532 491 593 inclusi
513 531 608 611 rapidi
632 540 701 592 sunt
723 532 852 593 aetheris
875 540 976 594 aestus

126 638 178 689 545
196 628 430 702 quaerentesque
453 621 530 679 viam
553 622 823 680 circumversantur
846 628 875 680 et
897 623 982 700 ignes
1094 645 1138 686 seo

125 717 181 770 521
196 712 306 790 passim
329 727 383 788 per
406 707 480 768 caeli
501 707 621 768 volvunt
644 710 808 769 summania
831 709 954 789 templa,

197 801 257 858 sive
281 795 398 858 aliunde
421 795 517 856 fluens
540 795 675 856 alicunde
699 791 884 856 extrinsecus
908 801 959 856 555

196 893 294 946 versat
316 902 406 962 agens
429 885 518 964 ignis,
542 886 603 944 sive
626 885 684 963 ipsi
708 901 828 963 serpere
851 891 977 963 possunt

197 992 254 1052 quo
279 975 421 1050 cuiusque
446 970 529 1032 cibus
551 978 636 1032 vocat
658 979 745 1051 atque
769 974 874 1033 invitat
896 975 1008 1052 euntis,

125 1079 178 1129 555
196 1062 329 1121 flammea
352 1078 407 1140 per
429 1059 543 1120 caelum
566 1062 715 1139 pascentis
738 1077 863 1139 5555555
885 1063 1004 1139 passim.
1095 1083 1140 1124 sas

126 1159 183 1210 526
196 1167 265 1210 nam
287 1148 358 1228 quid
381 1149 412 1209 in
436 1148 492 1208 hoe
514 1147 623 1208 mundo
647 1150 687 1208 sit
710 1165 813 1208 eorum
835 1166 947 1227 ponere
971 1157 1088 1209 eertum

198 1237 358 1298 difficilest:
382 1235 434 1296 sed
457 1235 529 1314 quid
552 1237 647 1314 possit
669 1237 779 1315 fiatque
801 1254 856 1315 per
878 1254 965 1296 omne
986 1235 990 1244 '

197 1328 229 1387 in
251 1327 340 1385 variis
363 1323 482 1384 mundis
505 1326 585 1384 varia
607 1326 722 1384 ratione
746 1327 867 1405 5555515,

197 1415 228 1474 id
251 1414 356 1493 doceo,
378 1411 532 1491 plurisque
556 1429 665 1491 sequor
688 1412 846 1491 disponere
869 1429 987 1491 causas,

127 1519 179 1567 550
198 1501 327 1563 motibus
350 1506 498 1561 astrorum
521 1519 596 1579 quae
618 1503 735 1579 possint
757 1519 824 1561 5555
846 1518 903 1579 555
925 1517 1025 1580 omne3
1096 1521 1142 1564 555

128 1598 213 1650 5315
236 1589 343 1668 quibus
366 1607 425 1649 una
446 1595 546 1648 tamen
569 1591 626 1648 siet
647 1589 697 1648 hic
720 1607 838 1672 quoque
861 1606 949 1648 eausa
972 1595 1141 1669 necessest,

199 1696 273 1756 quae
296 1681 398 1754 vegeat
420 1682 534 1735 motum
557 1677 663 1754 signis:
687 1676 740 1737 sed
764 1695 839 1756 quae
862 1679 902 1737 sit
924 1693 1027 1736 earum

199 1766 369 1844 praecipere
396 1763 644 1842 hautquaquamst
669 1764 881 1844 pedetemptim
904 1764 1140 1843 progredientia.

243 1851 304 1912 Nec
327 1852 449 1910 minimo
474 1850 545 1910 solis
567 1853 661 1910 maior
683 1858 748 1911 5555
770 1871 826 1912 nee
848 1855 946 1914 minor
969 1852 1076 1913 ardens

128 1955 180 2007 555
199 1957 265 2000 5555
288 1945 399 2019 potest,
421 1940 531 1999 nostris
555 1957 642 2017 quam
666 1939 802 2000 sensibus
826 1958 891 2000 esse
913 1939 1039 2000 ridetur.
1097 1963 1142 2005 555

128 2037 184 2088 566
198 2046 266 2088 nam
289 2026 396 2106 quibus
420 2021 437 2086 e
461 2028 563 2106 spatiis
587 2045 713 2106 eumque
736 2030 820 2105 ignes
843 2027 954 2088 lumina
977 2036 1107 2106 possunt

199 2116 316 2176 adicere
339 2122 369 2176 et
391 2113 520 2175 calidum
542 2115 682 2175 membris
706 2115 814 2176 adflare
837 2131 990 2196 vaporem,

199 2204 242 2265 nil
263 2200 321 2266 1115
342 2204 390 2263 his
413 2202 576 2264 intervallis
599 2203 636 2263 de
659 2221 786 2282 corpore
808 2203 901 2264 libant

199 2293 396 2372 flammarum,
417 2291 461 2352 nil
484 2291 520 2351 ad
543 2293 703 2370 speciemst
725 2294 905 2352 contractior
927 2292 1013 2368 ignis.

129 2397 181 2448 555
199 2381 337 2460 proinde,
360 2379 439 2440 calor
462 2381 601 2458 quoniam
625 2378 696 2438 solis
719 2379 877 2458 lumenque
900 2379 1055 2458 profusum
1098 2403 1145 2443 aaa

128 2475 182 2527 571
199 2470 376 2547 perveniunt
397 2473 516 2527 nostros
540 2467 576 2526 ad
600 2485 705 2527 seusus
728 2474 758 2527 et
781 2467 845 2528 loca
867 2466 1011 2547 mulcent,
1098 2489 1146 2531 sao

200 2557 294 2616 forma
317 2573 433 2634 quoque
455 2554 525 2614 hinc
548 2553 619 2615 solis
643 2553 731 2614 debet
752 2554 893 2634 filumque
915 2554 1023 2634 videri,
1099 2577 1142 2619 aar

199 2641 242 2702 nil
265 2641 337 2702 adeo
360 2649 393 2702 ut
415 2645 513 2721 possis
535 2643 603 2722 plus
627 2645 799 2703 autminus
822 2643 944 2723 addere,
965 2660 1043 2702 vere.
1098 2665 1145 2706 aas

199 2730 326 2809 lunaque
350 2732 411 2789 sive
433 2730 524 2789 notho
547 2730 642 2791 fertur
665 2730 728 2790 1555
751 2731 862 2791 lumine
886 2730 1029 2811 lustrans,
1100 2753 1145 2795 555

129 2821 262 2885 5555155
286 2835 370 2879 suam
392 2820 514 2896 proprio
537 2820 625 2878 iactat
648 2818 685 2878 de
707 2836 832 2897 corpore
856 2818 965 2898 lucem,

127 2914 184 2966 576
201 2905 344 2986 quidquid
367 2905 398 2964 id
422 2912 480 2985 est,
502 2905 563 2966 nilo
587 2906 682 2967 fertur
704 2909 817 2967 maiore
840 2907 933 2985 ligura

201 3013 301 3074 quam,
323 2994 434 3054 nostris
458 2992 552 3054 oculis
577 3013 633 3072 qua
657 2997 822 3075 cernimus,
846 3012 911 3054 esse
934 2993 1061 3054 videtur.

199 3101 267 3142 nam
289 3084 372 3161 prius
397 3082 507 3160 omnia,
530 3100 604 3160 quae
628 3082 714 3161 longe
739 3089 851 3143 semota
873 3091 991 3142 tuemur

200 3174 268 3230 5555
290 3188 345 3248 555
367 3168 506 3249 multum,
532 3172 630 3248 speeie
653 3170 774 3231 confusa
795 3170 934 3230 videntur
1100 3191 1146 3234 555

130 3273 289 3336 tauquam
312 3259 406 3317 minui
429 3255 520 3317 filum.
558 3264 738 3337 quapropter
761 3257 831 3318 luna
853 3263 1018 3338 necessest,

129 3351 182 3403 581
200 3342 438 3421 quandoquidem
461 3344 570 3406 claram
595 3348 725 3425 speciem
748 3353 919 3424 certamque
942 3347 1068 3424 figuram

200 3430 336 3510 praebet,
359 3438 392 3491 ut
414 3439 460 3492 555
485 3435 545 3492 5515
569 3435 710 3493 extremis
733 3450 859 3512 cumque
882 3439 981 3494 notata

518 3516 756 3598 [574]==571.
