2500 3882
615 199 642 252 11
1085 199 1126 266 59

211 346 283 405 haut
305 346 397 422 igitur
419 343 527 405 debent
550 362 617 404 esse
639 344 698 405 ullo
721 345 854 425 praedita
877 365 974 407 sensu.

133 449 194 500 970
256 432 388 510 Denique
412 434 457 492 uti
478 434 594 510 possint
616 435 726 494 sentire
749 433 886 493 animalia
910 454 1055 515 quaeque,

212 522 367 600 principiis
392 522 418 579 si
440 521 528 580 iamst
550 538 655 581 sensus
678 521 853 582 tribuendus
877 541 993 603 eorum,

136 624 198 676 975
215 608 294 689 quid,
304 626 397 686 genus
406 607 567 669 humanum
575 610 732 687 propritim
742 609 778 669 de
789 609 896 688 quibus
906 607 1074 671 auctumst?
1088 625 1127 666 ³7⁵

213 696 339 776 scilicet,
362 703 392 756 et
414 697 478 756 risu
499 695 626 756 tremulo
650 715 793 757 concussa
812 699 987 758 cachinnant
1005 731 1008 737 Δ
1113 737 1116 743 -

213 791 243 844 et
266 784 396 844 lacrimis
420 790 562 863 spargunt
583 784 751 845 rorantibus
775 803 1010 867 mangenasque,

136 889 195 938 075
214 871 363 950 multaque
387 871 423 931 de
446 890 547 930 rerum
569 874 698 932 mixtura
720 873 819 933 dicere
843 873 962 956 callent,

213 966 243 1020 et
266 959 324 1020 sibi
346 976 489 1038 proporro
514 977 588 1038 quae
612 961 672 1020 sint
693 960 855 1039 primordia
877 969 1034 1044 quaerunt3

138 1064 198 1116 980
213 1047 450 1126 quandoquidem
472 1049 544 1107 totis
566 1046 738 1109 mortalibus
762 1048 935 1110 adsimulata
1087 1063 1127 1104 980

213 1139 277 1215 ipsa
301 1152 416 1214 quoque
439 1153 476 1194 ex
499 1133 564 1194 aliis
588 1133 696 1196 debent
720 1143 853 1196 constare
877 1137 1044 1219 elementis,

213 1223 282 1283 inde
306 1222 361 1283 alia
384 1241 421 1282 ex
444 1221 523 1303 aliis,
546 1241 691 1301 nusquam
715 1227 876 1285 consistere
899 1233 932 1287 ut
955 1229 1046 1287 ausis:

137 1329 194 1378 980
214 1313 322 1390 quippe
346 1328 465 1390 sequar,
489 1311 694 1389 quodcumque
718 1311 798 1390 loqui
821 1312 976 1392 ridereque
1001 1314 1080 1375 dices

214 1405 244 1459 et
266 1417 383 1478 sapere,
407 1417 443 1458 ex
466 1397 530 1458 aliis
554 1398 656 1459 eadem
677 1399 749 1459 haec
772 1400 947 1462 facientibus
971 1409 1003 1463 ut
1026 1405 1073 1462 sit.

137 1505 198 1556 985
213 1486 291 1567 quod
315 1489 341 1546 si
363 1485 455 1546 delira
477 1486 549 1546 haec
572 1487 740 1565 furiosaque
764 1489 911 1548 cernimus
935 1507 1014 1570 esse,
1087 1501 1126 1544 oso

214 1583 244 1636 et
265 1574 363 1634 ridere
385 1581 483 1653 potest
505 1592 564 1633 non
587 1593 623 1634 ex
645 1574 810 1635 ridentibus
833 1583 949 1656 auctus,

214 1670 244 1723 et
266 1681 369 1742 sapere
393 1669 422 1723 et
445 1662 540 1722 doctis
563 1664 706 1722 rationem
729 1663 852 1723 reddere
876 1664 964 1724 dictis

138 1768 194 1818 985
213 1769 273 1811 non
296 1769 332 1809 en
356 1748 518 1810 seminibus
542 1750 723 1828 sapientibus
747 1757 834 1829 atque
857 1751 990 1833 disertis,

215 1841 266 1918 qui
287 1840 386 1898 minus
410 1856 476 1897 esse
500 1845 609 1916 queant
631 1856 665 1898 ea
689 1857 762 1916 quae
785 1841 896 1899 sentire
919 1841 1053 1901 videmus

140 1943 199 1996 990
214 1925 376 1987 seminibus
398 1927 543 2005 permixta
566 1925 734 1986 carentibus
758 1926 888 2005 undique
911 1926 1023 1989 sensu?
1087 1943 1126 1984 ooo

257 2013 390 2092 Denique
414 2012 533 2074 caelesti
557 2031 657 2073 sumus
681 2031 783 2073 omnes
807 2017 918 2075 semine
942 2017 1073 2078 oriundi:

215 2100 352 2162 omnibus
375 2100 424 2160 ille
447 2101 525 2160 idem
548 2107 632 2179 pater
655 2107 712 2180 est,
734 2100 812 2161 unde
835 2101 911 2162 alma
932 2103 1073 2183 liquentis

140 2207 195 2258 990
214 2192 326 2251 umoris
348 2194 445 2267 guttas
468 2195 562 2248 mater
585 2207 652 2248 cum
674 2195 754 2248 terra
777 2191 900 2270 recepit,

214 2280 273 2340 leta
294 2279 372 2356 parit
394 2276 501 2336 nitidas
526 2276 625 2354 fruges
648 2275 824 2354 arbustaque
847 2276 934 2356 laeta,

141 2383 199 2435 995
214 2374 244 2426 et
266 2383 358 2444 genus
380 2366 541 2425 humanum
562 2365 653 2444 parit,
677 2365 773 2423 omnia
797 2364 891 2424 saecla
914 2366 1056 2448 ferarum,
1088 2379 1126 2422 eoo

214 2452 320 2534 pabula
348 2471 415 2513 cum
441 2450 575 2532 praebet,
603 2451 710 2530 quibus
733 2470 835 2512 omnes
859 2472 982 2532 corpora
1003 2463 1127 2534 pascunt

215 2549 245 2602 et
268 2540 383 2603 dulcem
406 2541 517 2601 ducunt
538 2543 627 2600 vitam
650 2539 821 2619 prolemque
843 2550 1018 2625 propagant3

141 2646 196 2696 995
216 2636 394 2708 quapropter
416 2631 522 2688 merito
544 2634 710 2688 maternum
732 2647 840 2689 nomen
864 2630 1003 2709 adeptast.

216 2717 293 2778 cedit
315 2719 387 2776 item
410 2722 503 2796 retro,
526 2716 562 2776 de
585 2722 665 2776 terra
688 2716 765 2796 quod
788 2717 844 2777 luit
867 2726 945 2800 ante,

125 2822 201 2874 1000
214 2808 245 2866 in
266 2812 375 2886 terras,
398 2812 428 2864 et
450 2804 527 2883 quod
550 2806 704 2866 missumst
727 2823 763 2864 ex
785 2805 913 2866 aetheris
937 2810 1011 2888 oris,
1076 2821 1128 2862 rooo

215 2893 246 2953 id
269 2911 388 2953 rursum
411 2892 484 2952 caeli
506 2891 641 2952 rellatum
663 2892 772 2972 templa
794 2901 954 2973 receptant.

214 2999 270 3041 nec
294 2983 336 3040 sic
359 2982 510 3040 interemit
531 2998 612 3040 mors
635 2998 696 3060 res,
719 2989 753 3041 ut
774 2983 908 3041 materiai

125 3087 196 3136 1000
215 3087 339 3147 corpora
362 3069 509 3149 conficiat,
533 3067 584 3128 sed
608 3075 724 3128 coetum
746 3068 879 3147 dissupat
902 3067 981 3129 ollis:

215 3157 283 3217 inde
307 3156 371 3216 aliis
394 3156 473 3216 aliud
497 3158 648 3234 coniungit
670 3162 700 3216 et
722 3156 813 3215 efficit
836 3174 938 3216 omnes

122 3261 200 3314 1005
213 3263 262 3306 res
285 3251 318 3305 ut
341 3251 512 3305 convertant
533 3245 642 3304 formas
664 3249 836 3322 mutentque
857 3243 970 3304 colores
1078 3258 1129 3300 roos

215 3340 245 3394 et
268 3335 384 3411 capiant
408 3351 512 3393 sensus
536 3339 565 3392 et
587 3339 696 3411 puncto
719 3337 853 3410 tempore
875 3332 1012 3414 reddant3

214 3428 248 3483 ut
271 3438 375 3481 noscas
399 3421 511 3482 referre
535 3420 636 3481 eadem
659 3420 821 3499 primordia
843 3438 943 3481 rerum

126 3526 196 3576 1005
216 3529 284 3571 cum
308 3509 415 3590 quibus
438 3517 468 3570 et
491 3509 570 3588 quali
592 3511 725 3589 positura
748 3510 954 3569 contineantur
