2512 3874
137 191 200 255 142
626 189 652 243 V

134 354 187 405 401
205 335 371 398 deturbavit
394 338 479 414 cquis
502 337 534 395 in
557 342 680 414 terram,
704 334 806 414 solque
831 335 948 397 cadenti

206 425 310 485 obvius
333 431 484 484 aeternam
507 425 640 501 succepit
662 423 796 502 lampada
818 425 935 504 mundi,

205 513 406 592 disiectosque
430 511 545 589 redegit
568 528 661 589 equos
684 513 840 590 iunxitque
863 515 1033 592 trementis,

205 601 275 662 inde
299 619 386 662 suum
408 617 463 678 per
485 601 543 658 iter
566 601 712 660 recreavit
735 606 841 660 cuncta
864 598 1047 682 gubernem,

135 706 187 756 111
206 689 333 770 scilicet,
355 695 389 748 ut
411 694 527 748 veteres
551 685 672 747 Graium
695 689 830 747 cecinere
853 692 965 767 poetae.
1110 713 1151 752 411

136 795 192 845 406
206 777 285 858 quod
307 775 411 856 procul
434 794 450 835 a
472 793 542 836 vera
565 777 655 835 nimis
679 782 725 834 est
747 777 862 836 ratione
885 776 1048 856 repulsum.

206 869 284 945 ignis
308 866 388 925 enim
411 881 554 943 superare
576 869 676 942 potest
698 861 749 923 ubi
772 866 907 926 materiai

207 973 243 1015 ex
265 953 381 1014 infinito
405 959 475 1012 sunt
498 969 622 1030 corpora
644 951 729 1030 plura
752 959 865 1034 coorta,

631 1057 648 1096 s

206 1129 275 1190 inde
299 1130 407 1191 cadunt
429 1130 508 1188 vires
532 1127 628 1206 aliqua
651 1129 765 1187 ratione
790 1129 930 1208 revictae,

136 1235 189 1284 400
207 1224 258 1278 ant
279 1223 405 1296 pereunt
427 1235 476 1277 res
500 1221 621 1276 exustae
644 1214 811 1276 furentibus
835 1218 924 1276 auris.
1107 1242 1150 1281 110

136 1322 189 1371 411
205 1322 292 1366 umor
315 1307 385 1365 item
409 1303 557 1383 quondam
580 1306 677 1381 coepit
700 1321 842 1381 superare
866 1310 999 1385 coortus,

205 1399 240 1454 ut
262 1393 380 1474 iamast,
401 1393 556 1452 hominum
578 1391 685 1452 multas
709 1392 824 1470 quando
849 1391 948 1452 obruit
970 1391 1067 1452 urbis:

205 1481 276 1541 inde
300 1479 418 1540 ubivis
442 1479 539 1559 aliqua
562 1482 675 1540 ratione
698 1498 801 1540 aversa
823 1482 961 1561 recessit,

208 1588 243 1630 ex
266 1569 382 1630 infinito
404 1569 500 1628 iuerat
523 1585 725 1646 quaecumque
749 1575 864 1650 coorta,

136 1673 188 1724 405
207 1660 404 1719 constiterunt
426 1655 536 1714 inibres
560 1661 590 1714 et
612 1655 734 1716 flumina
756 1657 817 1716 rim
838 1659 1019 1719 minuerunt.
1107 1682 1149 1722 415

136 1761 190 1812 416
251 1745 310 1805 Sed
333 1743 440 1823 quibus
462 1742 512 1803 ille
535 1741 631 1802 modis
655 1745 807 1804 coniectus
829 1747 964 1806 materiai

206 1833 337 1893 fundarit
359 1837 470 1891 terram
493 1837 522 1890 et
545 1829 659 1892 caelum
681 1833 824 1911 pontique
846 1833 1005 1916 profunda,

207 1920 279 1980 solis
302 1919 384 1980 lunai
406 1935 524 2000 cursus,
547 1937 584 1978 ex
608 1918 711 1978 ordine
735 1938 850 1998 ponam.

206 2027 275 2068 nam
297 2015 377 2069 certe
401 2025 496 2086 neque
520 2007 644 2067 consilio
667 2007 829 2086 primordia
851 2027 953 2068 rerum

137 2114 188 2162 410
207 2096 311 2157 ordine
335 2115 367 2156 se
391 2113 444 2156 suo
468 2114 601 2174 quaeque
625 2098 723 2173 sagaci
745 2102 843 2157 mente
866 2095 1001 2157 locarunt
1105 2123 1149 2161 110

136 2200 263 2252 4211100
287 2202 360 2263 quos
384 2201 516 2261 quaeque
541 2183 646 2244 darent
668 2192 766 2243 motus
788 2185 928 2263 pepigere
951 2184 1100 2266 profecto,

207 2273 259 2333 sed
283 2274 352 2351 quia
373 2271 466 2332 multa
488 2271 584 2332 modis
607 2269 709 2331 multis
731 2271 895 2350 primordia
916 2290 1018 2332 rerum

207 2379 243 2421 ex
266 2361 381 2420 infinito
404 2361 463 2419 iam
485 2365 618 2438 tempore
642 2361 755 2438 percita
778 2359 872 2438 plagis

205 2448 446 2528 ponderibusque
470 2449 533 2508 suis
555 2453 738 2507 consuerunt
761 2449 875 2507 concita
898 2447 971 2507 ferri

136 2553 188 2603 415
207 2536 441 2615 omnimodisque
464 2537 544 2596 coire
567 2544 655 2614 atque
679 2537 776 2594 omnia
799 2541 1011 2616 pertemptare,
1106 2561 1148 2601 115

136 2640 191 2692 426
207 2642 408 2703 quaecumque
432 2625 511 2684 inter
534 2641 566 2683 se
588 2629 711 2702 possent
734 2641 893 2701 congressa
916 2641 1031 2705 creare,

205 2719 363 2791 propterea
386 2713 419 2772 iit
441 2713 486 2773 uti
507 2729 647 2789 magnum
668 2710 782 2789 volgata
803 2730 859 2790 per
881 2729 983 2772 aevom

206 2818 292 2861 omne
315 2818 408 2879 genus
432 2805 534 2860 coetus
557 2805 587 2858 et
609 2805 707 2859 motus
731 2799 913 2878 experiundo

205 2889 336 2950 tandem.
349 2889 523 2948 conveniant
536 2905 581 2946 ea
603 2905 678 2966 quae
701 2893 841 2947 convecta
863 2893 985 2966 repente

135 2993 187 3042 410
205 2995 378 3055 magnarum
399 2993 501 3036 rerum
524 2975 598 3035 fiunt
621 2975 741 3034 exordia
764 2993 865 3055 saepe,
1105 3001 1147 3040 430

134 3079 186 3130 431
204 3067 296 3126 terrai
317 3065 409 3124 maris
430 3070 460 3124 et
484 3061 558 3123 caeli
580 3065 756 3141 generisque
780 3064 970 3124 animantum.

249 3152 304 3212 Hic
326 3170 423 3232 neque
445 3158 509 3212 tum
533 3150 604 3210 solis
628 3158 692 3211 rota
715 3154 797 3211 cerni
820 3151 931 3212 lumine
954 3151 1035 3230 largo

206 3239 358 3300 altivolans
380 3246 497 3319 poterat
519 3257 574 3298 nec
598 3240 696 3316 magni
719 3239 817 3300 sidera
838 3239 943 3300 mundi

206 3345 262 3385 nec
285 3345 366 3386 mare
389 3345 444 3387 nec
467 3326 581 3386 caelum
602 3343 658 3386 neo
682 3326 809 3406 denique
833 3334 913 3389 terra
935 3346 1031 3407 neque
1056 3332 1109 3389 aer

135 3428 261 3479 4101110
285 3412 390 3472 similis
413 3416 523 3474 nostris
546 3412 636 3473 rebus
659 3432 708 3475 res
731 3414 791 3475 ulla
812 3415 920 3496 videri,
1104 3441 1147 3480 ees

135 3516 189 3566 430
203 3498 256 3560 sed
278 3517 352 3559 nova
374 3507 533 3580 tempestas
557 3501 700 3580 quaedam
722 3503 873 3581 molesque
899 3509 999 3564 coorta
1104 3529 1147 3568 411
