2496 3876
130 209 220 264 LVIiI
497 204 778 262 PROLEGOMENA.

132 357 193 419 tto
212 349 245 438 (i.
263 375 287 417 e.
302 356 374 418 velis
394 375 482 435 supra
497 347 633 436 intentis)
648 353 788 416 clausa
806 350 995 412 scribendum
1010 369 1075 412 esse
1101 353 1166 433 „je

133 444 218 505 mehr
237 447 280 505 sie
300 464 333 505 so
354 439 434 528 (vom
448 436 584 526 himmel)
599 440 822 520 abgeschnitten
841 435 932 500 sind“.
948 472 990 481 —
1009 443 1167 518 angusta

130 532 194 593 Lm.
217 529 339 594 incluso
362 530 481 594 tleolro
499 527 654 592 moenibus
671 527 734 603 Mn,
757 535 916 606 utrumque
939 529 1051 605 pariter
1073 546 1093 587 a
1119 549 1163 589 re

133 621 269 682 alienum.
290 655 331 664 -
352 618 394 682 82
408 621 537 682 hoc...
557 615 692 698 lepore..
711 613 829 677 omnim
848 613 921 677 laec
939 614 998 686 OQ.
1018 615 1082 676 edd.
1105 651 1162 659 —

133 707 174 770 91
195 708 340 788 diffusae
358 725 379 770 e
397 705 486 768 relos
503 705 584 766 Lmb.
599 706 665 766 Mn:
689 703 822 783 diffusae
839 701 927 764 rebus
941 702 1000 774 OQ.
1023 702 1163 783 diffusa

131 816 148 859 e
170 798 231 858 Lm.
251 797 282 856 Β.
306 830 348 838 -
373 794 416 856 92
444 793 638 857 intrinsecos
665 795 747 855 ortae
774 791 873 852 Lamb.
892 791 987 852 ka.
1006 791 1060 852 ΜΓ.
1094 811 1160 854 eac-

132 885 280 946 dinseeus
303 885 386 945 orioe
408 883 466 954 00.
496 879 675 944 eolrinseeo'
698 883 771 942 torte
795 873 1004 962 (scindendo)
1027 879 1090 941 Lm.
1116 881 1157 942 Β.

133 1009 175 1016 -
200 971 243 1034 94
265 975 393 1035 mortae
417 965 539 1054 (morte)
559 971 591 1041 Q.
625 971 726 1031 coorto
748 969 780 1029 0.
799 968 861 1028 Lm.
881 967 914 1028 B.
932 1001 974 1011 —
998 976 1067 1046 post
1090 967 1156 1031 97.

133 1057 322 1122 230-238:
345 1060 376 1120 hi
394 1078 497 1120 versus
517 1059 568 1119 uhi
586 1061 617 1117 in
637 1056 788 1118 codicibus
808 1063 919 1135 extant,
937 1055 980 1115 'ibi
1002 1075 1036 1117 ea
1055 1075 1155 1135 argu-

132 1150 311 1208 mentatione
327 1167 385 1227 qua
399 1167 465 1209 esse
475 1150 618 1225 imagines
633 1146 755 1206 docetur
765 1145 875 1205 dudum
890 1143 1022 1204 absoluta
1032 1144 1070 1204 de
1080 1163 1154 1206 mo-

133 1244 181 1296 tus
196 1255 298 1297 corum
313 1236 461 1297 celeritate
477 1239 581 1313 agitur.
604 1235 652 1295 hio
669 1239 909 1312 argumentomm
923 1233 1021 1293 ordini
1036 1252 1154 1294 conve-

133 1326 231 1384 niunt:
245 1327 397 1404 perspexit
406 1343 469 1384 rem
478 1323 573 1384 ka.
583 1357 626 1366 -
638 1321 699 1384 111
711 1339 748 1384 eas
762 1338 809 1384 ea
823 1317 1012 1400 imaginibus
1021 1320 1151 1382 Lotzius

133 1412 233 1492 philol.
252 1432 276 1473 a.
298 1409 382 1474 1852
401 1433 428 1492 p.
445 1411 517 1474 723.
550 1429 586 1473 ee
604 1407 792 1489 imaginales
809 1409 871 1469 Lm.
890 1408 921 1468 B.
942 1403 1052 1492 (speeie
1069 1413 1156 1471 sont

128 1499 275 1578 praedito
292 1495 409 1584 ierom)
429 1499 544 1562 extimo
561 1499 613 1559 Mr.
633 1498 688 1558 alia
706 1498 772 1558 vide
792 1516 836 1575 ap.
855 1496 925 1557 Poll.
940 1530 982 1540 -
998 1497 1060 1558 112
1077 1496 1152 1576 for-

133 1605 209 1650 mae
230 1605 346 1650 rerum
368 1585 541 1665 similesque
563 1584 696 1665 effigies:
723 1584 899 1663 fmmorom
920 1582 1152 1665 dissimilesqiw

134 1675 192 1745 OQ.
205 1673 381 1752 formosum
397 1672 462 1735 illis
479 1671 652 1751 similesque
665 1673 726 1733 Lm.
739 1673 771 1733 B.
787 1671 915 1753 formae,
933 1691 1037 1734 rerum
1053 1672 1151 1735 simi-

134 1759 234 1840 lesque
251 1762 303 1823 ΜΓ.
323 1796 365 1804 -
384 1781 427 1822 vv.
448 1759 622 1823 1‘29-140
644 1764 687 1822 eis
712 1761 909 1840 subiungendi
933 1768 1010 1842 sunt,
1033 1762 1149 1841 quibus

135 1867 202 1909 esse
217 1852 359 1928 imagines
374 1849 508 1930 docetur,
528 1857 597 1910 sunt
615 1868 684 1928 ergo
702 1857 770 1929 post
786 1848 848 1912 116
864 1843 943 1932 (109
957 1843 1035 1932 Lm.)
1052 1850 1148 1911 collo-

135 1936 230 2017 candi,
249 1938 284 1998 ci.
301 1937 414 1998 Susem.
428 1937 528 2017 philol.
542 1937 635 1998 XXIX
647 1935 724 1999 423:
744 1938 822 2016 quod
843 1940 870 1997 si
888 1938 934 2018 fit,
952 1946 1072 1999 nonest
1089 1958 1148 2001 cur

134 2044 203 2086 cum
218 2024 279 2085 Lm.
290 2025 321 2085 Β,
331 2025 384 2085 Mr.
400 2025 591 2086 secludamus.
615 2025 662 2085 his
677 2025 791 2086 subieci
807 2024 979 2088 168-173
989 2044 1023 2087 s:
1044 2027 1146 2088 locum

135 2115 341 2194 imperfectum
369 2113 486 2174 seclusi.
505 2147 547 2156 —
571 2116 705 2193 sequitur
732 2112 815 2174 locus
844 2117 896 2192 qui
918 2120 964 2174 est
986 2114 1022 2176 de
1045 2119 1145 2176 tenui·

134 2210 194 2264 tate
222 2205 396 2283 imaginum,
425 2196 809 2285 110-126(137-153
831 2195 929 2286 Brg.),
955 2209 1006 2263 aut
1032 2205 1145 2283 imper·
1244 2202 1245 2215 ¹

136 2293 230 2353 iectus
245 2299 295 2352 aut
312 2298 474 2352 truncatus.
506 2299 587 2352 recte
601 2293 679 2351 enim
695 2290 780 2351 docet
794 2289 907 2350 Susem.
922 2288 940 2350 1.
952 2309 975 2350 c.
987 2309 1015 2370 p.
1026 2290 1144 2372 424sq.

135 2380 201 2458 pluis
224 2399 284 2440 uno
307 2386 479 2458 argumento
497 2379 546 2439 hic
565 2380 666 2458 fuisse,
689 2396 814 2456 quorum
834 2378 959 2438 alterum
977 2386 1049 2458 puto
1073 2381 1145 2441 inde

135 2468 228 2526 inisse
252 2467 386 2546 ductum,
410 2466 487 2545 quod
511 2485 560 2526 res
584 2469 735 2545 minimae,
763 2484 837 2545 quae
860 2472 958 2526 tamen
980 2485 1041 2529 non
1065 2469 1145 2529 inira

135 2571 257 2613 sensum
274 2554 394 2614 videndi
415 2561 523 2634 essent,
546 2557 689 2631 imagines
707 2555 868 2635 mitterent,
891 2572 964 2633 quas
983 2573 1019 2615 ex
1038 2574 1145 2616 eorum

135 2643 266 2700 minimis
294 2641 428 2719 partibus
455 2648 589 2700 constare
616 2659 737 2700 necesse
765 2648 857 2702 esset:
890 2642 926 2702 ad
953 2642 1028 2703 hano
1056 2663 1144 2722 argu-

127 2731 346 2788 mentationem
369 2731 519 2807 pertinent
541 2747 583 2788 vv.
605 2726 668 2790 174
679 2747 721 2806 sq.
741 2722 822 2812 (154
831 2749 874 2808 sq.
892 2724 983 2814 Brg.).
1011 2749 1144 2809 quornm

133 2813 286 2896 quantulo
306 2833 387 2895 pars
408 2815 451 2877 sil
471 2815 574 2896 imago
596 2823 651 2877 eto.
679 2816 803 2894 alterum
832 2826 1037 2897 argumentum
1064 2820 1144 2881 unde

125 2907 258 2966 ⁴ductum
280 2924 345 2966 esse
369 2907 464 2983 possit
486 2905 585 2965 divino
609 2905 741 2985 quidem,
765 2907 817 2967 sed
839 2906 980 2967 hariolari
1002 2908 1079 2968 nolo.
1099 2941 1143 2952 —-

135 3000 182 3054 est
195 3001 293 3055 autem
307 2996 338 3054 in
352 2993 408 3052 hoc
422 2993 581 3071 exemplari
592 2993 697 3053 horum
712 2993 843 3055 locorum
854 2994 925 3054 ordo
940 2995 1001 3056 hic:
1018 2994 1143 3059 9i230

136 3079 253 3142 -238,
264 3077 425 3143 98-109,
444 3078 623 3143 ize-140.
641 3079 1141 3164 168—173.110—-126.174sq.

138 3166 320 3231 143-167.
358 3169 464 3230 Christ.
488 3168 506 3229 l.
526 3189 549 3230 c.
573 3189 600 3248 p.
620 3167 660 3230 21
674 3189 716 3248 sq.
746 3173 789 3231 sio
816 3170 939 3232 collocat
965 3171 1019 3232 hos
1047 3172 1142 3233 locos:

136 3253 298 3318 98—109.
324 3254 506 3338 129-140,
528 3258 604 3317 male
627 3276 670 3318 vv.
694 3257 753 3319 127
765 3277 807 3337 sq.
828 3262 1007 3338 praemissis.
1034 3257 1140 3322 110-

1 3417 2 3424 ,
138 3342 210 3405 126.
236 3339 418 3407 168-113.
444 3343 625 3407 143-167,
657 3345 723 3406 vide
746 3354 899 3425 praeterea
922 3348 958 3408 de
981 3348 1028 3408 his
1047 3351 1142 3409 omni-

135 3431 205 3512 bus,
235 3448 308 3509 quae
333 3431 445 3492 Susem.
469 3433 599 3512 disputat
622 3436 652 3493 in
673 3433 771 3512 philol.
795 3434 888 3495 XXIX
909 3455 937 3515 p.
956 3434 1141 3518 423-426,

1 3535 2 3568 1
137 3523 185 3580 cui
209 3525 353 3598 quatenus
377 3523 520 3581 assentiar
544 3528 687 3599 quatenus
710 3539 770 3580 non
788 3525 932 3583 assentiar
950 3523 1033 3584 facile
1053 3543 1140 3604 appa-
