2500 3882
619 250 659 306 ῙΠ
1099 251 1141 315 83

202 417 258 458 666
280 405 362 458 16661
384 400 522 458 amissam
545 397 656 459 laevam
679 417 746 458 cum
768 399 898 476 tegmine
921 416 1008 478 saepe

203 489 282 547 inter
305 504 397 565 equos
420 485 555 547 abstraxe
580 493 660 546 rotas
683 485 830 564 falcesque
853 503 988 567 rapaces,
1102 507 1142 550 666

202 593 259 634 666
282 574 425 634 cecidisse
448 570 523 633 61166
547 574 693 654 dextram,
717 592 784 634 cum
807 573 922 633 scandit
944 581 974 634 et
996 576 1094 633 instat.

129 677 184 730 666
203 661 273 722 inde
297 661 372 721 alius
396 668 519 722 conatur
541 662 677 741 adempto
702 679 824 740 surgere
849 679 949 741 crure,

204 767 272 809 cum
295 748 402 826 digitos
425 751 515 826 agitat
536 756 659 829 propter
681 748 876 809 moribundus
899 749 981 809 humi
1003 767 1065 828 pes.

204 843 234 897 et
257 843 344 915 caput
367 836 515 897 abscisum
539 836 632 897 calido
656 840 831 916 viventeque
854 843 960 897 trunco

204 931 302 984 servat
323 924 406 984 humi
428 923 539 985 voltum
561 925 679 985 vitalem
703 924 862 1003 oculosque
885 927 1026 1006 patentia,
1101 946 1141 987 aaa

204 1013 299 1072 donee
321 1011 461 1090 reliquias
484 1015 592 1073 animai
613 1012 744 1073 reddidit
766 1030 877 1072 omnes.

131 1102 279 1179 6666616
301 1102 390 1160 etiam
412 1099 468 1159 tihi
491 1103 530 1180 si,
553 1099 652 1178 lingua
675 1100 822 1180 vibrante,
844 1102 966 1160 micanti

205 1190 352 1267 serpentis
375 1188 467 1248 cauda
489 1205 614 1266 procero
638 1206 761 1268 corpore
784 1194 924 1248 truncum

205 1278 246 1336 sit
267 1274 384 1335 libitum
407 1277 439 1334 in
461 1275 568 1336 multas
590 1279 684 1354 partis
708 1276 854 1336 discidere
877 1275 970 1355 ierro,

205 1365 303 1423 omnia
325 1365 384 1423 iarn
407 1380 524 1423 sorsum
547 1381 651 1424 carnes
675 1366 773 1424 ancisa
796 1366 910 1423 recenti
1103 1385 1142 1426 ceo

205 1450 325 1510 volnere
347 1453 454 1511 tortari
476 1458 506 1511 et
527 1458 638 1511 terram
661 1469 857 1529 conspargere
879 1451 962 1531 tabo,

132 1557 186 1607 666
204 1541 300 1618 ipsam
323 1557 414 1617 seque
438 1545 518 1598 retro
540 1545 655 1618 partam
677 1547 779 1618 petere
802 1556 854 1599 ore
876 1541 1020 1619 priorem,

204 1626 333 1688 volneris
357 1627 509 1686 ardentem
532 1634 565 1686 ut
586 1645 689 1688 morsu
710 1632 826 1707 premat
848 1629 906 1687 icta
930 1626 1068 1688 dolorem.

206 1714 342 1775 omnibus
366 1733 432 1775 esse
455 1717 546 1792 igitur
568 1721 645 1775 totas
668 1715 801 1776 dicemus
823 1717 855 1774 16
878 1715 936 1775 illis

205 1801 358 1882 particulis
380 1799 514 1862 animas?
550 1810 579 1863 at
602 1822 636 1863 ea
658 1806 772 1864 ratione
796 1810 937 1882 sequetur
1103 1824 1142 1866 666

205 1908 295 1950 unam
322 1892 500 1951 animantem
527 1893 639 1952 animas
664 1891 802 1952 hahuisse
825 1894 857 1951 in
880 1909 1004 1970 corpore
1026 1890 1141 1952 multas.

133 1995 186 2045 666
207 1996 276 2056 ergo
300 1977 421 2038 divisast
443 1997 477 2038 ea
501 1997 575 2058 quae
598 1980 654 2039 1611
675 1997 734 2039 una
756 1979 845 2039 simul
868 1997 936 2039 cum

207 2084 343 2146 corpore,
366 2073 545 2145 quapropter
567 2066 690 2126 mortale
713 2073 872 2145 utrumque
895 2066 1099 2146 putandumst,

206 2156 238 2213 in
261 2153 367 2213 multas
391 2155 530 2232 quoniam
551 2156 644 2232 partis
667 2152 824 2213 disciditur
846 2151 977 2232 aequal}

249 2241 405 2301 Praeterea
429 2243 456 2300 si
477 2240 641 2300 inmortalis
664 2247 768 2300 natura
791 2242 900 2300 animai
1056 2299 1060 2310 ,
1104 2261 1142 2301 svo

207 2335 324 2389 constat
346 2335 376 2388 61
397 2331 429 2387 16
452 2346 560 2406 corpus
583 2327 772 2388 nascentibus
795 2329 975 2410 insinuatur,

135 2434 188 2484 avo
207 2435 261 2478 our
284 2434 391 2495 supera
416 2421 484 2476 6616
507 2422 601 2476 actam
624 2420 750 2476 aetatem
772 2417 942 2475 meminisse
966 2416 1124 2493 nequimus

206 2523 263 2566 nec
285 2505 409 2581 vestigia
432 2509 583 2582 gestarum
604 2521 705 2563 rerum
728 2501 787 2563 ulla
809 2499 967 2563 tenemus?

205 2611 275 2653 nam
299 2594 324 2652 si
346 2598 428 2651 tanto
451 2597 570 2670 operest
592 2593 684 2651 animi
706 2597 817 2652 mutata
841 2598 985 2672 potestas,

206 2681 303 2741 omnis
325 2686 360 2740 ut
381 2685 513 2739 actarum
535 2679 679 2740 exciderit
701 2680 858 2739 retinentia
880 2697 994 2760 rerum,
1103 2699 1143 2741 66

206 2787 279 2849 666,
302 2775 335 2828 61
357 2769 478 2847 opinor,
497 2767 528 2827 id
550 2785 568 2827 a
590 2766 649 2828 1616
673 2769 732 2827 iam
754 2767 881 2846 longiter
904 2775 995 2849 errat3

135 2874 188 2924 666
207 2860 387 2936 quapropter
410 2855 519 2914 fateare
542 2862 695 2916 necessest
716 2873 791 2934 quae
814 2855 871 2915 1611
893 2863 960 2916 6616

206 2946 369 3023 interiisse,
393 2950 423 3003 et
446 2960 520 3020 quae
542 2961 622 3003 nuno
645 2950 692 3003 est
712 2961 792 3004 nunc
815 2961 880 3003 esse
905 2950 1041 3004 creatam

250 3031 406 3092 Praeterea
430 3032 456 3090 si
478 3032 537 3090 iam
559 3031 691 3109 perfecto
715 3049 838 3110 corpore
862 3030 948 3090 nobis

206 3121 311 3180 inferri
333 3119 449 3179 solitast
471 3120 585 3178 animae
608 3121 702 3178 vivata
723 3125 854 3197 potestas
1103 3139 1143 3180 aso

205 3215 269 3268 tum
292 3225 360 3268 cum
382 3208 531 3286 gignimur
554 3213 583 3266 61
604 3209 681 3267 vitae
705 3225 772 3267 cum
795 3206 885 3266 limen
908 3207 1032 3286 inimus,

134 3313 188 3364 680
205 3296 283 3358 haud
305 3297 347 3355 ita
369 3294 561 3355 conveniebat
583 3296 627 3355 uti
650 3311 717 3356 cum
741 3312 864 3373 corpore
888 3301 918 3354 et
940 3312 999 3354 una

207 3402 274 3446 cum
296 3382 439 3443 membris
462 3382 595 3442 videatur
617 3385 648 3442 16
671 3385 736 3462 1666
761 3384 902 3460 sanguine
927 3400 1039 3462 cresse,

208 3473 260 3533 sed
282 3471 416 3532 velutin
439 3488 527 3530 cavea
548 3488 603 3549 per
625 3487 657 3530 se
681 3470 739 3530 sihi
762 3473 859 3530 vivere
884 3469 976 3530 solam

206 3562 355 3641 convenit,
378 3564 412 3619 ut
435 3576 524 3620 sensu
548 3575 655 3637 corpus
678 3564 777 3618 tamen
801 3559 880 3619 afuat
902 3575 1001 3618 omne:
1104 3577 1142 3619 rr‘

894 3659 930 3709 6*
