2500 3882
135 192 179 257 56
621 192 649 244 Π

207 338 372 399 inmortalia
395 339 422 399 si
443 338 577 398 volumus
601 337 778 417 subiungere
801 338 890 400 rebus

137 442 189 492 860
207 427 407 508 fundamenta,
431 425 537 505 quibus
559 428 669 487 nitatur
692 443 806 487 summa
829 426 945 507 salutis3

207 533 244 576 ne
266 514 322 575 tibi
343 533 392 575 res
415 513 537 574 redeant
560 515 595 575 ad
617 513 710 575 nilum
732 514 865 574 funditus
889 531 999 574 omnes.

138 618 194 670 865
252 602 336 662 Nunc
359 621 392 662 ea
416 620 489 681 quae
508 604 620 663 sentire
637 602 770 662 ridemus
790 620 914 680 cumque
933 609 1086 663 necessest
1100 615 1137 656 8⁵⁵

208 709 244 751 ex
267 688 456 750 insensilibus
479 697 577 751 tamen
601 692 698 750 omnia
720 691 876 750 confiteare

208 779 363 858 principiis
385 785 527 839 constare.
566 796 662 856 neque
685 778 715 838 id
737 778 901 838 manufesta
922 777 1052 839 refutant

139 882 190 932 865
208 885 264 926 nec
287 872 388 926 contra
409 872 540 944 pugnant
561 868 593 926 in
614 872 753 945 promptu
775 868 892 944 cognita
914 885 987 945 quae
1011 873 1093 947 sunt,

210 953 261 1014 sed
285 955 377 1032 magis
400 955 465 1033 ipsa
487 971 576 1014 mann
599 953 711 1014 ducunt
733 961 763 1014 et
785 953 907 1014 credere
929 961 1039 1033 cogunt

139 1058 244 1109 aroer
267 1041 470 1122 insensilibus,
494 1041 571 1120 quod
595 1041 673 1122 dico,
696 1041 832 1101 animalia
855 1043 942 1120 gigni.
1097 1055 1136 1096 aro

209 1132 317 1209 quippe
339 1129 439 1190 ridere
463 1128 532 1190 licet
553 1131 634 1189 vivos
657 1131 784 1189 existere
806 1145 921 1190 vermes

210 1224 340 1278 stercore
363 1217 399 1278 de
421 1225 528 1299 taetro,
550 1224 685 1296 putorem
708 1235 775 1278 cum
798 1216 857 1277 sibi
878 1224 992 1278 naemst

138 1321 191 1372 870
209 1307 423 1384 intempestivis
446 1325 482 1366 ex
504 1305 649 1366 imbribus
670 1304 770 1366 umida
791 1303 892 1385 tellus3

209 1400 362 1473 praeterea
384 1401 504 1454 cunctas
526 1393 629 1454 itidem
651 1411 699 1454 res
722 1399 837 1454 vertere
860 1411 934 1454 sese.

139 1498 194 1549 875
207 1489 326 1543 vertunt
348 1499 379 1542 se
402 1482 484 1542 ilarii
505 1482 625 1543 frondes
651 1487 681 1541 et
701 1479 808 1559 pabula
829 1480 905 1541 laeta
1097 1491 1136 1534 aro

210 1571 241 1630 in
262 1569 405 1650 pecudes,
427 1577 545 1630 vertunt
566 1569 694 1647 pecudes
716 1571 748 1628 in
771 1585 894 1646 corpora
915 1574 1017 1629 nostra

210 1663 357 1736 naturam,
380 1664 409 1717 et
430 1664 532 1717 nostro
555 1657 591 1716 de
614 1674 737 1735 corpore
761 1674 848 1735 saepe
870 1657 999 1716 ferarum

139 1760 192 1810 8'15
211 1750 373 1821 augescunt
394 1746 472 1803 vires
495 1750 525 1803 et
547 1762 670 1822 corpora
692 1746 943 1823 pennipotentum.

211 1849 281 1909 ergo
305 1849 407 1890 omnes
429 1838 533 1893 natura
556 1830 638 1891 cibos
660 1834 692 1891 in
715 1848 838 1911 corpora
860 1833 924 1892 riva

140 1934 197 1987 880
210 1920 298 1980 vertit
320 1926 350 1979 et
371 1919 441 1979 hinc
464 1937 569 1980 sensus
592 1921 772 1979 animantum
793 1926 929 1997 procreat
952 1937 1068 2001 omnes,
1098 1933 1137 1974 aaa

210 2025 271 2068 non
293 2005 349 2066 alia
372 2006 456 2085 longe
479 2009 592 2068 ratione
615 2014 702 2086 atque
725 2007 806 2068 arida
828 2006 907 2085 ligna
1038 2004 1041 2008 ’

212 2094 337 2174 explicat
357 2097 390 2155 in
411 2095 542 2156 flammas
564 2102 594 2156 et
616 2098 648 2155 in
670 2097 747 2173 ignis
771 2097 869 2155 omnia
890 2102 994 2156 versat.

139 2199 193 2252 aso
211 2186 308 2244 iamne
330 2183 412 2244 vides
435 2184 525 2262 igitur
547 2185 646 2261 magni
667 2183 827 2261 primordia
849 2200 950 2243 rerum

211 2271 323 2332 referre
346 2273 377 2331 in
400 2271 480 2350 quali
502 2273 562 2332 sint
584 2271 686 2332 ordine
710 2289 843 2349 quaeque
866 2270 958 2330 locata

141 2376 198 2428 885
211 2367 241 2420 et
263 2361 418 2420 commixta
441 2359 547 2439 quibus
570 2359 641 2420 dent
661 2365 759 2419 motus
781 2354 1004 2437 accipiantque?
1099 2370 1138 2412 aas

255 2448 330 2508 Tum
340 2465 438 2528 porro,
455 2447 525 2526 quid
536 2447 566 2507 id
579 2454 632 2528 est,
651 2449 780 2507 animum
792 2446 870 2525 quod
881 2448 1017 2526 percutit,
1032 2447 1136 2527 ipsum,

214 2535 291 2613 quod
313 2542 411 2594 moret
433 2542 463 2595 et
483 2537 580 2595 varios
603 2552 708 2595 sensus
731 2552 904 2614 expromere
927 2535 1017 2615 cogit,

142 2639 194 2689 aas
212 2641 248 2683 ex
271 2621 462 2682 insensilibus
485 2640 522 2682 ne
545 2622 648 2682 credas
670 2622 778 2682 sensile
801 2619 903 2701 gigni?

212 2712 366 2791 nimirum,
388 2709 500 2788 lapides
523 2717 553 2770 et
574 2709 652 2789 ligno
675 2716 705 2770 et
727 2716 805 2770 terra
828 2710 906 2789 quod
928 2726 985 2770 una

141 2800 302 2866 conmixta
323 2804 422 2858 tamen
444 2805 595 2876 nequeunt
617 2798 732 2858 vitalem
755 2798 879 2858 reddere
902 2814 1030 2858 sensum.
1099 2810 1137 2852 aso

212 2886 284 2948 illud
307 2889 338 2946 in
360 2886 407 2946 his
429 2888 520 2964 igitur
541 2885 631 2946 rebus
653 2887 823 2947 meminisse
847 2884 974 2966 decebit,

211 2994 271 3036 non
294 2994 330 3036 ex
354 2973 489 3035 omnibus
512 2976 644 3054 omnino,
667 2991 867 3052 quaecumque
889 2980 990 3033 creant
1011 2990 1061 3033 res

143 3079 194 3129 890
213 3063 346 3144 sensilia,
369 3061 514 3140 extemplo
536 3080 584 3121 me
607 3064 688 3140 gigni
710 3062 809 3122 dicere
832 3080 950 3142 sensus,

213 3152 265 3212 sed
287 3153 385 3230 magni
407 3151 519 3211 referre
542 3166 576 3209 ea
597 3151 726 3228 primum
749 3149 885 3228 mantula
908 3154 1056 3229 constant,

141 3253 197 3306 895
216 3239 324 3300 sensile
348 3258 421 3318 quae
444 3239 568 3317 iaciunt,
591 3244 621 3297 et
644 3254 700 3316 qua
723 3239 783 3298 sint
804 3237 935 3317 praedita
957 3237 1064 3317 forma,
1099 3247 1136 3290 ass

213 3325 342 3386 motibus
365 3326 518 3387 ordinibus
541 3327 683 3403 posituris
706 3325 832 3403 deniqne
856 3328 922 3405 quis
946 3326 1012 3385 sint.

215 3431 338 3492 quarum
360 3413 403 3473 nil
425 3431 525 3474 rerum
547 3414 578 3472 in
601 3411 689 3490 lignis
713 3412 881 3492 glaebisque
903 3412 1051 3473 ridemus:

143 3517 195 3567 895
214 3509 244 3561 et
266 3506 364 3560 tamen
385 3501 467 3581 haec,
489 3517 556 3561 cum
579 3507 648 3562 sunt
669 3503 753 3578 quasi
770 3501 932 3579 putrefacta
949 3516 1004 3579 per
1020 3498 1136 3580 imbres,
