2512 3874
595 219 635 274 IV

186 365 299 426 diditur
322 372 352 426 ct
374 384 458 426 rarae
480 384 535 445 per
558 365 633 426 flexa
656 367 799 427 foramina
822 365 946 445 linguae.

113 469 166 520 605
185 454 241 514 boc
265 453 316 514 ubi
338 453 413 514 levia
437 460 505 514 sunt
526 457 673 515 manantis
697 473 820 533 corpora
843 458 920 536 suci,
1016 495 1018 498 -

113 559 171 609 621
187 543 315 602 suaviter
338 543 485 619 attingunt
508 550 538 602 et
561 545 690 602 suaviter
713 545 811 602 omnia
833 550 961 604 tractant

186 629 286 690 umida
308 629 419 707 linguai
442 632 554 690 circum
578 631 713 691 sudantia
734 631 856 710 templa:

186 724 215 778 at
238 723 339 778 contra
361 725 496 796 pungunt
519 736 640 780 sensum
663 719 851 798 lacerantque
875 726 988 800 coorta,
1084 740 1124 782 aas

187 813 295 885 quanto
319 824 452 885 quaeque
475 809 568 885 magis
593 814 663 867 sunt
685 810 843 886 asperitate
866 807 987 887 repleta.

113 911 168 960 ato
186 894 294 954 deinde
317 892 450 972 voluptas
474 901 519 954 est
542 913 558 954 e
582 913 653 956 suco
676 896 735 955 fine
758 894 860 974 palati:

113 999 174 1050 626
188 999 257 1042 cum
279 999 349 1040 vero
372 981 510 1042 deorsum
533 1001 587 1060 per
610 983 709 1043 fauces
732 986 949 1064 praecipitavit,

185 1069 266 1131 nulla
289 1069 422 1148 voluptas
445 1076 504 1150 est,
527 1070 597 1130 dum
621 1072 716 1131 omnis
739 1073 771 1130 in
794 1071 906 1131 diditur
929 1079 1023 1152 artus3

185 1176 241 1218 nec
264 1157 356 1217 refert
379 1159 535 1236 quicquam
558 1175 617 1237 quo
638 1160 718 1218 victu
741 1177 849 1237 corpus
873 1158 979 1238 alatur,
1085 1181 1123 1222 aso

187 1245 345 1306 dummodo
369 1245 446 1323 quod
470 1247 568 1324 capias
592 1252 764 1306 concoctum
787 1246 889 1306 didere
912 1249 1010 1326 possis

114 1349 167 1400 615
186 1333 308 1394 artubus
332 1339 362 1393 et
384 1333 526 1393 stomachi
547 1340 696 1393 umectum
720 1351 836 1393 servare
858 1341 1002 1394 tenorem.

114 1437 170 1490 631
228 1421 312 1482 Nunc
335 1420 400 1480 aliis
424 1420 498 1480 alius
522 1423 573 1500 qui
597 1423 636 1480 sit
658 1420 742 1481 cibus
765 1428 799 1482 ut
820 1421 972 1482 videamus

609 1527 627 1566 a

186 1596 352 1676 expediam,
376 1614 516 1678 quareve,
539 1595 605 1656 aliis
628 1597 707 1675 quod
730 1599 815 1658 triste
839 1604 869 1657 et
891 1605 1065 1680 amarumst,

186 1685 243 1745 boc
263 1691 363 1744 tamen
386 1703 452 1746 esse
475 1685 540 1745 aliis
563 1687 657 1764 possit
679 1685 819 1764 perdulce
842 1685 949 1768 videri,
1083 1710 1122 1751 aas

186 1779 325 1852 tantaque
347 1775 379 1833 in
401 1774 449 1834 his
471 1774 561 1834 rebus
584 1773 724 1834 distantia
748 1773 963 1856 differitasque,

114 1880 167 1929 620
186 1868 220 1922 ut
243 1862 321 1940 quod
345 1861 383 1922 ali
406 1861 489 1923 cibus
513 1869 559 1922 est
582 1862 647 1922 aliis
670 1863 733 1922 fuat
755 1880 822 1922 acre
844 1879 1004 1943 venenum3

114 1966 171 2018 636
185 1957 233 2010 est
253 1957 286 2010 ut
309 1968 383 2028 quae
407 1968 543 2030 serpens,
565 1950 693 2010 hominis
717 1967 791 2028 quae
814 1955 891 2009 tacta
914 1950 1012 2010 salivis

186 2039 311 2116 disperit
332 2056 366 2097 ac
389 2055 454 2098 sese
477 2038 642 2097 mandendo
666 2038 784 2098 conficit
805 2039 878 2115 ipsa.

185 2132 338 2205 praeterea
360 2125 445 2186 nobis
467 2132 645 2186 veratrumst
667 2143 734 2185 acre
757 2142 916 2205 venenum,
1082 2147 1122 2186 ceo

187 2220 217 2273 at
238 2215 335 2291 capris
358 2212 512 2296 adipeset
533 2211 734 2273 coturnicibus
759 2218 853 2290 auget.

114 2318 168 2368 aaa
186 2307 220 2361 ut
243 2300 350 2378 quibus
372 2301 402 2360 id
426 2301 476 2360 fiat
498 2300 587 2360 rebus
610 2317 788 2378 cognoscere
811 2302 921 2380 possis,

114 2406 168 2457 641
184 2391 331 2468 principio
354 2389 525 2448 meminisse
548 2387 634 2447 decet
656 2405 729 2466 quae
754 2387 882 2447 diximus
905 2394 985 2467 ante,

187 2479 299 2536 semina
321 2476 503 2536 multimodis
525 2477 557 2535 in
580 2474 669 2534 rebus
691 2477 782 2535 mixta
804 2477 908 2535 teneri.

186 2581 275 2644 porro
299 2580 400 2625 omnes
420 2581 621 2643 quaecumque
641 2562 739 2624 cibum
758 2565 878 2642 capiunt
896 2565 1067 2644 animantes,
1081 2586 1121 2627 eu

186 2659 220 2712 ut
243 2659 311 2713 sunt
333 2652 492 2712 dissimiles
515 2654 699 2713 extrinsecus
723 2658 753 2712 et
775 2653 938 2730 generatim

114 2758 168 2809 660
187 2743 295 2801 extima
317 2740 518 2801 membromm
540 2744 653 2802 circum
676 2758 796 2800 caesura
819 2745 948 2821 coercet,

113 2847 170 2898 646
183 2829 307 2908 proinde
331 2847 367 2888 ex
390 2827 553 2889 seminibus
577 2836 712 2889 constant
733 2831 864 2888 variante
886 2829 987 2906 figura.

186 2919 389 2978 seminecum
412 2934 501 2995 porro
524 2917 646 2999 distent,
670 2917 788 2976 differre
811 2923 963 2976 necessest

186 3003 338 3065 intervalla
361 3006 495 3085 viasque,
517 3005 661 3066 foramina
684 3023 758 3084 quae
780 3003 984 3083 perhibemus,
1081 3023 1121 3064 aso

185 3092 324 3153 omnibus
346 3095 378 3152 in
400 3092 542 3154 membris
565 3100 594 3152 et
617 3095 648 3152 in
671 3110 722 3152 ore
745 3094 869 3170 ipsoque
891 3089 1001 3168 palato:

112 3197 167 3247 635
186 3199 252 3243 esse
276 3183 390 3242 minora
413 3183 504 3259 igitur
526 3181 669 3260 quaedam
691 3182 860 3257 maioraque
884 3177 1004 3258 debent,

113 3286 168 3337 651
186 3287 252 3330 esse
275 3273 420 3348 triquetra
443 3269 520 3350 aliis,
547 3269 612 3328 aliis
636 3267 775 3347 quadrata
797 3273 962 3347 necessest,

185 3357 277 3418 multa
300 3359 439 3438 rutunda,
462 3357 558 3417 modis
581 3356 681 3417 multis
704 3353 884 3434 multangula
908 3355 1056 3433 quaedam.

185 3463 311 3524 namque
335 3447 496 3524 figurarum
518 3447 592 3505 ratio
616 3451 649 3504 ut
671 3450 827 3521 motusque
850 3450 1022 3524 reposcunt,
1080 3464 1119 3506 cu

184 3533 308 3614 proinde
331 3532 525 3594 foraminibus
548 3531 656 3592 debent
678 3531 797 3591 differre
821 3532 943 3611 figurae,

166 3644 310 3684 numurus.
324 3643 359 3683 ed.
373 3643 439 3682 Bria
444 3653 499 3692 ger.
700 3641 701 3644 ’
888 3635 905 3684 8
