2500 3882
616 235 642 288 II

194 402 263 444 nam
286 401 373 462 saepe
397 385 428 442 in
452 382 520 442 colli
542 383 698 443 tondentes
720 383 826 462 pabula
849 385 924 446 laeta

195 473 342 550 lanigerae
365 477 483 548 reptant
504 471 633 549 pecudes
657 490 715 550 quo
739 491 885 552 quamque
908 481 1045 534 vocantes

195 563 320 621 invitant
342 559 451 620 herbae
475 566 655 637 gemmantes
679 578 747 620 rore
770 564 896 643 recenti,

115 657 176 707 320
196 656 227 710 et
249 650 346 708 satiati
369 650 436 725 agni
459 647 564 708 ludunt
586 647 750 726 blandeque
774 657 942 731 coruscant3

196 739 294 797 omnia
317 754 391 815 quae
413 734 499 796 nobis
522 735 607 814 longe
631 737 752 798 confusa
774 737 912 799 videntur

197 833 227 886 et
248 825 328 885 velut
351 826 382 883 in
405 823 493 884 viridi
515 824 624 884 candor
648 827 810 886 consistere
833 826 909 886 colli.

196 921 349 993 praeterea
372 930 494 990 magnae
517 912 648 991 legiones
671 931 738 974 cum
760 913 824 974 loca
847 933 937 976 cursu

198 1019 367 1082 camporum
392 999 540 1079 complent
561 1000 632 1061 belli
655 1001 811 1062 simulacra
833 1005 959 1083 cientes,

118 1097 178 1148 325
197 1092 294 1170 lulgor
316 1088 358 1149 ibi
381 1088 416 1149 ad
440 1088 553 1149 caelum
577 1108 608 1148 se
631 1089 720 1169 tollit,
743 1096 862 1168 totaque
886 1092 998 1152 circum

199 1198 266 1240 aere
289 1177 450 1239 renidescit
472 1177 573 1257 tellus,
597 1185 757 1258 supterque
781 1181 877 1238 virum
899 1181 928 1239 vi

199 1270 313 1329 excitur
335 1266 460 1344 pedibus
484 1267 612 1344 sonitus,
635 1265 820 1344 clamoreque
843 1274 958 1328 montes

198 1358 251 1416 icti
273 1357 416 1415 reiectant
438 1371 526 1414 voces
548 1353 584 1414 ad
608 1352 704 1414 sidera
727 1354 843 1434 mundi,

199 1451 229 1505 et
251 1446 364 1504 circum
386 1441 508 1502 volitant
530 1443 646 1520 equites
668 1441 840 1522 mediosque
863 1448 985 1521 repente

120 1540 180 1591 330
199 1534 366 1593 tramittunt
387 1530 482 1591 valido
507 1532 672 1608 quatientes
696 1533 804 1609 impete
828 1549 960 1610 campos:

200 1628 350 1682 ettamen
374 1619 560 1697 estquidam
583 1618 665 1678 locus
688 1618 755 1679 altis
777 1619 939 1700 montibus,
964 1615 1045 1679 code

200 1717 278 1770 stare
301 1708 438 1768 videntur
460 1714 491 1767 et
513 1709 544 1766 in
567 1709 678 1785 campis
702 1709 864 1767 consistere
887 1707 991 1786 fulgor.

244 1797 328 1859 Nunc
355 1814 421 1876 age,
448 1796 506 1855 iam
530 1795 669 1874 deinceps
695 1802 867 1860 cunctarum
889 1794 1010 1856 exordia
1032 1811 1132 1855 rerum

200 1887 297 1966 qualia
320 1887 380 1945 sint
402 1890 432 1943 et
455 1901 541 1962 quam
564 1883 650 1962 longe
674 1882 811 1944 distantia
834 1884 937 1943 formis

126 1983 182 2035 333
202 1977 334 2056 percipe,
357 1972 527 2049 multigenis
551 1990 637 2050 quam
661 1974 721 2032 sint
743 1975 852 2032 variata
874 1973 990 2051 liguris3

200 2082 260 2124 non
284 2080 342 2142 quo
365 2060 457 2121 multa
478 2078 583 2138 parum
606 2059 696 2119 simili
719 2061 779 2119 sint
799 2059 932 2139 praedita
955 2060 1061 2138 forma,

202 2153 254 2213 sed
277 2153 346 2230 quia
368 2167 428 2210 non
449 2147 533 2225 volgo
556 2149 639 2226 paria
661 2147 798 2208 omnibus
821 2150 919 2207 omnia
942 2152 1085 2207 constant.

202 2258 257 2302 nec
280 2241 401 2299 mirum:
424 2253 493 2297 nam
516 2252 583 2295 cum
606 2237 645 2295 sit
668 2253 770 2296 eornm
794 2237 876 2313 copia
899 2241 991 2313 tanta,

201 2336 235 2390 ut
256 2345 353 2406 neque
376 2327 458 2404 linis,
480 2325 524 2384 uti
547 2322 648 2404 (10001,
671 2341 766 2401 neque
790 2340 904 2382 summa
927 2323 966 2382 sit
988 2321 1059 2403 0113,

129 2416 323 2496 3400011001,
345 2416 499 2493 nimirum,
522 2429 581 2472 non
605 2410 740 2471 omnibus
764 2412 861 2471 omnia
883 2428 1021 2490 prorsum

203 2523 269 2566 esse
291 2506 358 2583 pari
379 2503 428 2563 iilo
452 2500 600 2579 similique
624 2499 737 2560 adiecta
758 2500 860 2577 ligura.

203 2599 356 2674 praeterea
379 2609 472 2670 genus
494 2590 655 2650 humanum
678 2595 834 2666 mutaeque
857 2594 990 2648 natantes

205 2682 423 2760 squamigerum
446 2678 575 2758 pecudes
599 2685 629 2739 et
650 2677 725 2738 laeta
748 2684 879 2739 armenta
901 2678 1052 2759 feraeque,

204 2777 235 2830 et
256 2771 353 2830 variae
375 2768 523 2848 volucreS,
546 2766 683 2827 laetantia
707 2785 780 2846 quae
803 2766 866 2827 loca
890 2786 1031 2845 aquarum

134 2867 185 2917 340
204 2857 412 2920 concelebrant
434 2859 546 2917 circum
568 2857 647 2933 ripas
671 2855 819 2933 fontisque
841 2855 994 2933 lacusque,

205 2954 236 3008 et
258 2965 332 3026 quae
355 2945 526 3024 pervolgant
548 2961 669 3003 nemora
692 2944 755 3002 avia
776 2941 985 3020 pervolitantes
1006 2972 1048 2982 -

205 3053 331 3114 quorum
353 3051 446 3094 unum
470 3031 585 3111 quidvis
608 3032 769 3108 generatim
793 3046 910 3090 sumere
932 3045 1036 3106 perge:

205 3125 337 3184 invenies
360 3129 459 3182 tamen
482 3123 560 3180 inter
583 3137 615 3178 se
639 3118 757 3178 differre
780 3118 891 3195 liguris.

204 3230 261 3273 nec
283 3213 398 3272 ratione
421 3209 477 3270 alia
499 3204 597 3287 proles
621 3223 798 3284 cognoscere
820 3212 945 3264 matrem

136 3309 187 3359 350
205 3319 260 3362 nec
283 3306 378 3360 mater
399 3303 501 3376 posset
522 3293 649 3375 prolem3
672 3292 751 3372 quod
773 3309 860 3371 posse
882 3289 1015 3351 videmus

205 3406 261 3450 nec
284 3390 382 3448 minus
405 3393 492 3464 atque
516 3384 650 3443 homines
673 3384 751 3442 inter
774 3398 806 3439 se
824 3386 893 3439 nota
916 3378 1024 3439 cluere.

206 3495 274 3537 nam
297 3493 384 3555 saepe
408 3481 474 3535 ante
498 3473 586 3533 deum
608 3470 717 3530 vitulus
740 3466 862 3527 delubra
884 3467 990 3528 decora

207 3566 382 3626 turicremas
404 3569 526 3642 propter
547 3565 691 3619 mactatus
714 3555 843 3617 concidit
866 3573 946 3634 aras,
