2512 3874
620 229 646 285 V
1070 231 1133 296 151

200 378 371 438 autminus
394 377 450 436 hoc
472 375 522 435 illo
547 378 586 437 sit
608 395 662 438 cur
684 376 855 456 amplectier
878 381 966 440 ausis.
1095 401 1136 442 uo

201 465 328 543 denique
351 482 404 524 cur
426 472 554 543 nequeat
577 483 694 545 semper
716 484 790 526 nora
813 466 882 529 luna
905 469 1001 529 creari

127 572 182 620 720
202 553 305 613 ordine
330 553 491 612 formarum
514 559 596 613 certo
619 555 768 633 certisque
792 555 908 636 figuris,

127 648 184 702 731
200 645 291 720 inque
315 640 379 701 dies
401 642 500 719 privos
524 640 653 702 aborisci
676 660 809 722 quaeque
832 651 930 704 creata

202 736 289 807 atque
313 727 369 788 alia
391 727 471 788 illius
494 731 628 808 reparari
650 732 682 790 in
704 740 788 809 parte
811 729 948 813 locoque,

201 817 351 878 difficilest
373 818 486 877 ratione
509 817 615 878 docere
639 825 669 879 ct
691 821 809 879 vincere
832 819 945 901 verbis)
1094 841 1135 884 uo

201 905 305 966 ordine
329 923 396 965 cum
412 903 538 983 possint
557 913 618 967 tam
641 913 721 968 certo
745 906 836 968 multa
858 909 962 969 creari.

128 1011 182 1062 '125
200 997 224 1055 it
246 1011 298 1054 ver
321 1001 351 1054 ct
372 992 471 1054 Venus
494 1002 524 1054 ct
545 994 668 1055 Veneris
690 997 884 1074 praenuntius
907 1004 974 1057 ante

128 1091 186 1144 736
200 1088 347 1163 pennatus
370 1081 516 1163 graditur,
538 1083 659 1161 zephyri
680 1085 804 1162 vestigia
825 1091 947 1162 propter

200 1170 287 1230 Flora
310 1167 418 1249 quibus
441 1176 535 1230 mater
556 1189 771 1250 praespargens
794 1179 861 1232 ante
884 1174 942 1232 viai

201 1264 307 1319 cuncta
328 1256 479 1318 coloribus
502 1260 629 1336 egregiis
652 1266 682 1319 et
704 1259 844 1320 odoribus
867 1259 973 1339 opplet.
1095 1281 1135 1321 no

201 1346 270 1408 inde
293 1346 351 1406 loci
374 1348 509 1424 sequitur
532 1345 611 1406 calor
634 1346 734 1406 aridus
757 1353 787 1406 et
809 1365 909 1407 comes
931 1366 990 1408 una

129 1453 182 1503 730
201 1433 406 1515 pulvendcnta
429 1432 519 1494 Ceres
542 1434 572 1495 el
592 1436 684 1494 etesia
706 1433 798 1495 flabra
821 1435 999 1514 aquilonum.

129 1532 183 1584 741
200 1523 269 1584 inde
292 1528 450 1582 autumnus
474 1521 546 1602 adit,
569 1520 703 1600 graditur
726 1521 814 1583 simul
835 1521 948 1584 Euhius
970 1521 1061 1584 Euan.

201 1610 271 1672 inde
294 1609 367 1670 aliae
390 1616 580 1688 tempestates
603 1612 742 1689 ventique
767 1618 921 1692 secuntur,

201 1699 359 1760 altitonans
381 1697 542 1759 Volturnus
564 1705 595 1760 et
617 1706 717 1760 auster
740 1699 861 1760 fulmine
883 1699 1007 1779 pollens.
1094 1720 1135 1763 uo

199 1787 319 1848 tandem
341 1786 446 1847 bruma
467 1788 550 1847 nives
573 1787 668 1848 adfert
689 1789 866 1867 pigrumque
888 1791 1017 1866 rigorem

127 1893 181 1943 'tto
201 1875 276 1936 didit
297 1875 407 1956 hiems,
430 1876 565 1954 sequitur
588 1877 736 1954 crepitans
758 1877 834 1936 hanc
857 1876 994 1938 dentibus
1017 1876 1106 1954 algor.

128 1972 185 2024 746
199 1982 257 2043 quo
280 1964 379 2023 minus
402 1969 448 2023 est
469 1964 591 2043 mirum,
615 1965 642 2023 si
664 1969 745 2023 certo
768 1972 901 2042 tempore
925 1963 994 2025 luna

201 2053 330 2130 gignitur
353 2057 383 2111 et
405 2056 486 2110 certo
510 2049 624 2112 deletur
646 2057 779 2129 tempore
802 2069 904 2131 rusuS,

202 2158 269 2200 cum
291 2139 358 2199 lieri
379 2140 495 2217 possint
517 2144 577 2197 tam
600 2144 681 2198 certo
704 2145 837 2216 tempore
859 2136 959 2198 mrdta.
1094 2164 1134 2206 uo

245 2226 322 2288 Solis
345 2229 417 2286 ilem
440 2243 556 2305 quoque
580 2225 712 2286 deiectus
735 2225 879 2305 lunaeque
902 2225 1030 2287 latebras

127 2335 182 2385 ‘140
200 2314 335 2395 pluribus
358 2333 374 2374 c
397 2316 495 2374 causis
517 2313 582 2373 lieri
605 2312 661 2373 tibi
682 2331 771 2392 posse
793 2313 993 2392 putandumst.

129 2413 183 2464 751
201 2421 269 2464 nam
292 2421 345 2463 cur
367 2401 437 2462 luna
460 2407 548 2480 queat
570 2408 681 2463 terram
704 2400 855 2462 secludere
880 2401 950 2462 solis

201 2491 312 2551 lumine
336 2496 365 2549 et
388 2507 405 2549 a
426 2491 516 2549 terris
540 2488 630 2550 altum
654 2496 741 2569 caput
764 2488 917 2551 obstruere
941 2492 982 2571 ei,

202 2578 333 2639 obiciens
357 2595 477 2637 caecum
500 2576 592 2638 radiis
615 2576 787 2638 ardentibus
807 2577 923 2658 orbem,
1095 2602 1136 2644 uo

200 2674 333 2746 tempore
357 2666 461 2725 eodem
484 2664 564 2725 aliud
586 2666 683 2726 tacere
705 2665 736 2726 id
759 2683 818 2725 non
840 2684 928 2745 posse
951 2674 1072 2747 putetur

128 2772 181 2822 715
202 2773 322 2836 corpus,
346 2753 425 2833 quod
448 2771 565 2814 cassum
587 2753 702 2814 labatur
724 2753 835 2814 lumine
858 2752 998 2832 semper?

129 2851 185 2902 756
202 2842 304 2922 solque
328 2859 398 2903 suos
421 2844 510 2903 etiam
533 2841 682 2902 dimittere
704 2841 860 2920 languidus
883 2843 960 2919 ignis

200 2939 334 3010 tempore
357 2949 411 2991 cur
434 2937 516 2992 certo
538 2936 678 3010 nequeat,
701 2947 896 3009 recreareque
919 2929 1032 3012 lumen,

200 3037 268 3081 cum
290 3018 354 3079 loca
377 3020 530 3098 praeteriit
551 3018 678 3079 dammis
701 3018 808 3080 infesta
830 3035 885 3096 per
908 3034 1008 3099 auras,
1095 3043 1134 3085 reo

201 3125 275 3187 quae
299 3107 410 3167 iaciunt
432 3108 510 3184 iguis
532 3108 723 3184 interstingui
745 3112 831 3185 atque
854 3101 975 3184 perire?

129 3212 181 3262 750
201 3204 230 3257 et
253 3214 307 3256 cur
328 3200 410 3254 terra
433 3201 520 3273 queat
542 3193 642 3254 lunam
665 3193 791 3272 spoliare
813 3195 945 3253 vicissim

130 3284 311 3345 7611umine
335 3289 365 3342 et
388 3299 562 3360 oppressum
586 3281 679 3341 solem
701 3298 791 3359 super
814 3282 877 3359 ipsa
899 3288 1016 3362 tenere,

159 3391 164 3402 ·
199 3378 352 3433 menstrua
375 3370 446 3430 dum
468 3368 577 3447 rigidas
601 3371 669 3430 coni
691 3367 853 3448 perlabitur
875 3367 1009 3450 umbras,

200 3470 333 3539 tempore
357 3458 462 3518 eodem
485 3456 564 3517 aliud
586 3464 715 3535 nequeat
737 3474 910 3517 succurrere
934 3456 1021 3519 lunae
1094 3480 1134 3521 reo

200 3567 307 3627 corpus
331 3546 377 3607 vel
400 3564 489 3626 supra
512 3546 583 3606 solis
605 3544 753 3625 perlabier
775 3543 890 3626 orbem,
