2496 3876
107 254 198 310 XXIV
470 251 751 308 PROLEGOMENA.

197 401 367 464 Proximum
399 409 458 483 cst,
494 409 527 463 ut
558 401 588 461 id
621 398 822 479 quaerendum
855 399 990 460 videatur
1022 403 1052 459 et
1084 400 1117 459 in

110 491 272 551 discrimen
300 489 454 570 agendum,
478 489 603 550 liceatne
631 507 699 548 eum
726 493 858 568 poetam,
882 489 987 567 quiin
1010 505 1117 548 anaco-

110 579 200 639 luthis
229 587 259 640 et
284 578 466 639 soloecismis
494 584 607 638 tautum
635 575 693 636 sibi
718 577 778 636 sive
802 577 963 654 sumpserit
985 577 1046 636 sive
1070 578 1117 635 in-

110 667 247 749 dulserit,
275 669 306 727 iu
335 668 442 728 ceteris
465 665 568 746 rebus,
591 663 698 744 quibus
722 681 819 724 sermo
842 671 872 724 et
895 663 1021 724 elocutio
1046 681 1117 724 con-

109 758 234 836 tinetur,
267 757 299 816 in
329 756 372 815 eis
409 755 474 814 dico
511 771 585 832 quae
621 752 657 813 ad
694 751 856 830 analogiam
887 754 1051 832 pertinent,
1083 755 1117 812 in

109 837 319 904 vocabulorum
341 860 398 902 usu
416 843 613 921 antiquorum,
635 858 778 918 novorum
802 840 933 920 fictione,
956 842 988 900 iu
1010 839 1118 900 verbo-

110 950 177 992 rum
204 949 272 991 cum
300 929 397 990 verbis
426 931 645 990 constructione
671 935 731 988 tam
759 930 891 1007 augustis
920 927 1028 988 finibus
1056 930 1118 988 cir-

110 1018 320 1098 cumscribere,
343 1036 429 1097 quam
451 1017 655 1077 Lachmannus
678 1023 708 1076 et
730 1019 782 1095 qui
804 1019 833 1077 ei
855 1015 996 1097 pleraque
1019 1017 1127 1076 credi-'

110 1107 231 1187 derunt,
258 1108 569 1184 circumscripseruut‚
595 1110 642 1184 ut,
669 1122 744 1182 quae
771 1123 832 1164 uon
857 1104 925 1184 plus
953 1103 1044 1164 semel
1068 1105 1120 1165 vel

110 1195 156 1256 bis
184 1196 216 1254 in
242 1195 381 1254 carminis
408 1193 445 1253 de
467 1210 567 1253 rerum
592 1199 697 1252 natura
719 1192 870 1253 codicibus
893 1191 1074 1272 legerentur,
1100 1212 1119 1253 a

110 1282 247 1343 lucretio
270 1299 358 1361 posse
384 1281 516 1360 prolecta
543 1299 609 1342 esse
636 1286 784 1359 negarent.
829 1281 901 1360 quid
928 1281 994 1341 dico
1022 1281 1119 1341 semel

110 1371 156 1432 vel
174 1368 242 1431 bis‘?
273 1387 370 1431 nonne
389 1369 593 1430 Lachmannus
614 1371 701 1430 etiam
721 1387 754 1429 ea
772 1371 905 1449 mutavit,
923 1387 997 1447 quae
1017 1370 1119 1429 sexies

110 1459 156 1520 vel
179 1461 290 1538 septies
312 1461 343 1519 iu
366 1457 450 1518 libris
473 1477 563 1518 mauu
586 1458 705 1536 scriptis
728 1463 828 1516 extare
846 1456 968 1537 rideret,
991 1456 1118 1518 utillud
1236 1493 1237 1536 4

110 1549 149 1624 11,
173 1547 224 1608 ubi
247 1553 326 1608 osset
348 1544 441 1607 etium
459 1580 501 1588 -
521 1546 556 1606 11.
574 1544 645 1605 Ρ111.
663 1543 763 1622 philol.
786 1542 952 1604 1111111299
972 1577 1025 1626 -‚
1042 1547 1118 1605 item

109 1633 334 1712 tumoresque
352 1667 393 1678 -
413 1653 438 1693 v.
456 1632 612 1693 Bucheleri
631 1630 763 1692 libellum
785 1632 976 1693 utilissimum
1000 1634 1051 1711 qui
1069 1635 1118 1693 in·
1236 1649 1237 1656 ¹

111 1722 252 1783 scribitur
270 1718 446 1781 ‘Gramdriss
469 1721 523 1781 der
540 1719 733 1781 lateinischen
750 1715 949 1780 lleclinatiou'
966 1740 994 1800 p.
1010 1719 1051 1781 32
1071 1754 1116 1763 —

112 1811 190 1889 quod
218 1811 328 1888 septies
354 1811 478 1870 mutavit
503 1811 536 1869 in
561 1805 770 1886 raucaeque
792 1841 843 1889 -,
873 1826 969 1887 neque
992 1808 1117 1869 meliore
1153 1803 1158 1812 '

111 1900 176 1959 iure
200 1894 317 1977 fulgere
343 1903 373 1957 et
398 1915 472 1976 quae
495 1897 531 1957 ab
555 1913 589 1957 eo
612 1897 757 1956 infinitivo
784 1896 933 1957 ducuntur
959 1896 1116 1977 damnavit,

110 2005 136 2046 v.
159 1985 230 2046 Poll.
253 1985 271 2046 l.
294 2005 319 2046 c.
346 2005 374 2064 p.
398 1982 462 2046 295
477 2003 519 2064 sq.
565 1984 661 2044 Minus
689 1987 836 2063 putaverit
860 1987 927 2062 quis
952 1987 1116 2064 suspicioni

112 2073 237 2134 obnoxia
255 2074 353 2134 lutura
376 2074 467 2134 luisse
490 2090 564 2133 nova
581 2072 631 2133 illa
648 2072 738 2133 rerba
756 2071 863 2150 quibus
881 2071 1036 2133 Lucretius
1054 2090 1115 2133 non

111 2163 213 2241 paucis
232 2165 277 2222 uti
295 2179 384 2222 ausus
403 2166 456 2221 est.
491 2178 561 2222 uam
582 2163 647 2240 ipse
669 2160 819 2239 praelatus
841 2166 904 2220 erat
922 2160 1013 2221 multa
1031 2163 1115 2221 novis

111 2250 209 2311 verbis
232 2250 290 2311 sibi
312 2249 457 2328 agendum
480 2267 554 2310 esse.
591 2249 643 2309 sed
664 2267 701 2309 ne
720 2249 751 2308 in
773 2247 821 2307 his
844 2248 963 2327 quidem
986 2249 1115 2309 editores

113 2341 210 2398 omnia
232 2341 344 2418 pariter
365 2337 504 2398 tulerunt.
549 2356 609 2398 non
635 2342 787 2398 tentarunt
809 2332 962 2414 differitas
983 2336 1021 2397 lv
1040 2333 1116 2417 619,

105 2422 260 2504 pestilitas
286 2423 445 2506 111089,
473 2422 558 2486 1123
590 2432 620 2485 et
652 2425 707 2485 alia
737 2423 891 2505 nonnulla,
922 2443 996 2502 quae
1026 2424 1116 2485 latina

111 2531 171 2573 non
194 2520 276 2592 sunt,
299 2510 444 2587 1111111111,
472 2513 551 2590 quod
572 2508 669 2573 1454
692 2519 738 2573 est
760 2514 792 2572 in
814 2511 974 2593 codicibus,
996 2512 1115 2573 damua-

111 2607 225 2680 veruut,
244 2599 322 2679 quod
338 2599 460 2660 latinum
474 2617 534 2659 non
548 2607 635 2660 esset.
668 2606 809 2660 ettamen
822 2603 949 2678 graviter
963 2608 1117 2679 peccasset

111 2688 276 2768 Lucretius,
299 2689 326 2747 si
343 2687 383 2768 id,
407 2687 484 2766 quod
503 2689 567 2748 eius
586 2687 664 2767 quod
682 2691 770 2749 inane
787 2695 909 2749 vocatur
926 2690 1117 2750 coniunctum

112 2783 170 2857 111,
193 2782 223 2836 11
249 2774 293 2856 id,
322 2776 400 2854 quod
428 2777 560 2855 corporis
584 2794 738 2837 commuue
766 2783 812 2837 est
839 2778 1041 2858 coniunctum,
1066 2777 1117 2837 hic

112 2865 229 2926 silentio
265 2866 464 2944 praeterisset
518 2871 651 2942 poteram
686 2865 733 2925 his
769 2864 825 2925 alia
855 2863 992 2925 licentiae
1023 2864 1117 2925 Lach-

110 2955 283 3014 manniauae
306 2954 338 3012 in
361 2951 558 3031 singularibus
581 2952 753 3013 damnandis
799 2955 959 3033 grassantis
983 2952 1117 3032 exempla

111 3041 232 3122 addere,
261 3040 312 3102 sed
340 3043 411 3101 satis
439 3042 496 3101 erit
522 3039 637 3120 reliqua
660 3059 713 3101 suo
737 3043 863 3121 quicque
886 3041 950 3102 loco
973 3043 1117 3119 tetigisse.

199 3128 266 3188 Dixi
294 3147 383 3208 supra
409 3128 446 3189 de
473 3146 576 3189 eorum
604 3147 719 3211 errore,
747 3131 798 3208 qui
820 3147 939 3190 carmen
965 3128 1116 3189 Lucretia·

111 3234 182 3277 num
219 3216 353 3278 versibus
389 3216 423 3277 ab
456 3215 625 3277 bominibus
655 3217 703 3277 rel
737 3217 929 3278 irridentibus
960 3217 1007 3278 rel
1040 3214 1118 3302 male

111 3302 223 3367 sedulis
250 3305 327 3364 lictis
355 3307 584 3366 contaminatum
611 3304 720 3366 volunt.
766 3308 815 3366 cui
836 3308 921 3388 vitio,
945 3305 1035 3386 quod,
1058 3307 1118 3365 nisi

110 3390 317 3473 concussa,
339 3411 407 3453 nam
430 3393 472 3454 ibi
493 3411 542 3454 res
566 3395 597 3453 iu
620 3392 709 3454 dubio
733 3400 787 3474 111,
811 3412 956 3472 nusquam
979 3395 1117 3474 occurrit,
1236 3451 1237 3464 ,

109 3482 184 3542 illud
208 3482 389 3542 contrarium
412 3488 466 3562 est,
491 3481 569 3560 quod
593 3488 642 3542 aut
664 3485 807 3561 temporis
825 3485 934 3543 iniuria
953 3484 1117 3561 scripturae

109 3577 225 3649 partem
260 3567 385 3629 delentis
418 3575 468 3629 aut
498 3567 682 3649 neglegentia
711 3570 820 3630 factum
848 3578 894 3631 est
920 3570 1117 3631 librariorum.
