2512 3874
621 228 648 284 V
1072 226 1137 290 143

201 393 287 436 omne
311 394 403 454 genus
427 375 463 436 de
486 376 655 455 principiis,
678 375 826 436 discordia
849 393 975 454 quorum
1097 397 1138 436 440

201 464 354 524 intervalla
376 466 439 523 vias
462 482 592 524 conexus
615 463 747 542 pondera
768 463 868 542 plagas

202 570 364 613 concursus
387 560 486 611 motus
508 550 645 612 turbabat
667 551 778 630 proelia
801 555 945 632 miscens,

128 655 183 705 430
202 646 324 719 propter
347 639 503 700 dissimilis
526 640 635 699 formas
658 641 812 718 variasque
836 641 945 718 figuras

129 743 183 792 441
203 727 282 805 quod
304 745 364 787 non
388 729 485 787 omnia
508 729 552 787 sic
574 733 711 806 poterant
734 730 890 788 coniuncta
912 744 1032 787 manere

202 834 258 877 nec
281 822 378 876 motus
400 818 479 876 inter
503 833 568 875 sese
591 815 661 875 dare
685 818 894 876 convenientis.
1098 833 1140 875 446

203 904 348 982 diffugere
369 902 438 964 inde
461 903 519 963 loci
541 910 641 982 partes
665 920 803 985 coepere,
825 922 971 983 paresque
1099 925 1139 964 404

203 1011 271 1052 cnm
293 991 414 1070 paribus
437 993 521 1069 iungi
544 1009 593 1051 res
617 997 647 1050 et
669 990 834 1052 discludere
858 992 1000 1051 mundum

130 1095 184 1144 466
201 1079 392 1159 membraque
416 1078 547 1140 dividere
571 1085 600 1139 et
621 1096 742 1156 magnas
766 1079 922 1157 disponere
945 1085 1058 1159 partes,

130 1183 186 1234 446
201 1169 258 1229 hoc
281 1174 339 1248 est,
363 1185 379 1227 a
400 1169 491 1227 terris
515 1166 605 1227 altum
628 1185 784 1228 secernere
808 1167 934 1248 caelum,
1098 1187 1138 1227 444

204 1263 235 1316 et
257 1273 373 1316 sorsum
396 1273 492 1336 mare,
514 1257 559 1315 uti
581 1261 696 1316 secreto
718 1273 822 1316 umore
845 1261 973 1336 pateret,

204 1362 323 1405 seorsus
346 1346 418 1404 item
441 1345 509 1422 puri
532 1346 699 1422 secretique
722 1344 850 1403 aetheris
874 1346 966 1421 ignes.

247 1431 362 1512 Quippe
385 1433 496 1492 etenim
518 1433 647 1510 primum
669 1434 761 1492 terrai
784 1449 906 1510 corpora
930 1449 1077 1511 quaeque,

132 1537 185 1586 440
203 1527 361 1600 propterea
384 1519 462 1600 quod
486 1526 571 1579 erant
592 1520 691 1597 gravia
713 1525 744 1579 et
765 1519 917 1600 perplexa,
941 1518 1058 1579 coibant
1097 1539 1138 1580 440

130 1625 185 1676 461
204 1611 236 1668 in
257 1608 355 1669 medio
379 1615 466 1686 atque
490 1609 564 1668 imas
587 1606 741 1686 capiebant
764 1610 862 1667 omnia
885 1607 984 1688 sedes3

204 1714 279 1774 quae
302 1703 411 1775 quanto
434 1697 529 1774 magis
550 1697 629 1756 inter
651 1714 683 1756 se
706 1695 846 1775 perplexa
869 1695 1000 1776 coibant,

203 1791 264 1844 tam
287 1787 380 1862 magis
404 1801 578 1863 expressere
601 1802 732 1862 eaquae
755 1803 837 1844 mare
861 1784 958 1844 sidera
982 1782 1075 1844 solem

204 1871 363 1951 lunamque
386 1872 539 1932 efficerent
562 1878 591 1931 et
613 1875 712 1950 magni
734 1875 851 1933 moenia
873 1872 989 1933 mundi:

133 1976 186 2026 446
205 1963 304 2020 omnia
326 1962 406 2020 enim
428 1962 522 2038 magis
544 1959 617 2019 haec
641 1978 656 2019 e
679 1959 793 2021 levibus
817 1967 905 2040 atque
928 1959 1065 2020 rutundis
1100 1980 1140 2021 446

133 2065 189 2116 456
204 2048 368 2109 seminibus
390 2047 541 2125 multoque
564 2045 720 2108 minorihu'
745 2055 814 2108 sunt
836 2048 989 2108 clementis

206 2154 295 2215 quam
316 2135 412 2196 tellus.
448 2135 529 2214 ideo,
551 2129 606 2212 per
628 2153 694 2195 rara
717 2135 874 2216 foramina,
896 2142 993 2196 terrae

204 2224 338 2303 partibus
362 2223 521 2302 erumpens
543 2224 658 2300 primus
682 2241 714 2282 se
737 2221 857 2283 sustulit
880 2222 981 2283 aether

205 2312 314 2391 ignifer
337 2319 367 2372 et
388 2310 497 2377 multos
521 2327 622 2370 secum
644 2310 717 2370 levis
740 2309 861 2370 abstulit
883 2312 974 2391 ignis,

134 2418 186 2468 460
205 2419 266 2461 non
289 2401 344 2460 alia
367 2399 452 2478 longe
476 2400 590 2459 ratione
614 2416 647 2458 ac
670 2417 757 2477 saepe
780 2399 927 2478 videmus,
1100 2420 1142 2459 400

133 2503 187 2554 461
205 2507 295 2551 aurea
317 2507 385 2548 cnm
407 2490 536 2567 primum
558 2489 732 2565 gemmantis
756 2504 823 2546 rore
846 2504 900 2565 per
921 2484 1029 2545 herbas

204 2579 348 2638 matutina
370 2575 478 2637 rubent
500 2575 606 2635 radiati
628 2575 740 2635 lumina
764 2574 849 2655 solis,

556 2702 557 2706 ,
631 2683 648 2721 4

206 2753 400 2831 exhalantque
423 2751 504 2812 lacus
526 2750 664 2812 nebulam
687 2751 826 2830 fluviique
849 2769 1008 2831 perennes,

206 2843 328 2920 ipsaque
352 2847 385 2900 ut
407 2840 556 2918 interdum
578 2840 666 2900 tellus
689 2839 801 2900 fumare
824 2839 952 2919 videtur3

135 2945 187 2994 466
207 2930 306 2989 omnia
328 2945 402 3008 qnae
427 2945 545 2988 sursum
568 2946 635 2988 cum
658 2928 866 3008 conciliantur,
889 2926 920 2987 in
943 2925 1000 2985 alto
1101 2945 1142 2987 444
1248 2953 1249 3008 3

134 3027 192 3080 466
206 3034 329 3095 corpore
353 3022 491 3077 concreto
515 3015 675 3076 subtexunt
697 3015 797 3076 nubila
821 3014 942 3076 caelum.

206 3106 363 3182 sicigitur
386 3111 449 3164 tum
472 3121 504 3164 se
526 3103 599 3163 levis
623 3122 657 3164 ac
681 3103 818 3164 dillusilis
841 3102 942 3162 aether

207 3210 331 3272 corpore
354 3198 492 3253 concreto
516 3191 714 3252 circumdatus
736 3192 867 3269 undique
889 3187 977 3267 flecti

206 3287 236 3342 et
259 3281 317 3342 late
340 3280 464 3341 diliusus
488 3282 519 3340 in
542 3282 638 3339 omnis
660 3280 792 3357 undique
815 3280 909 3358 partis

133 3386 187 3436 460
206 3372 305 3430 omnia
328 3371 370 3429 sic
393 3369 476 3429 avido
500 3367 655 3447 complexu
679 3374 777 3429 cetera
801 3368 919 3444 saepsit.
1102 3388 1143 3427 440
1248 3353 1249 3356 “

133 3467 187 3520 471
204 3459 284 3519 hunc
307 3456 428 3518 exordia
451 3463 520 3516 sunt
542 3456 613 3516 solis
636 3455 781 3534 lunaeque
806 3461 920 3534 secuta,

204 3549 424 3624 interutrasque
447 3543 527 3624 globi
551 3561 677 3623 quorum
700 3550 855 3605 vertuntur
877 3545 908 3604 in
931 3543 1024 3620 auris,
