<?xml version="1.0" encoding="UTF-8"?>
<!DOCTYPE html PUBLIC "-//W3C//DTD XHTML 1.0 Transitional//EN"
    "http://www.w3.org/TR/xhtml1/DTD/xhtml1-transitional.dtd">
<html xmlns="http://www.w3.org/1999/xhtml" xml:lang="en" lang="en">
 <head>
  <title>
</title>
<meta http-equiv="Content-Type" content="text/html;charset=utf-8" />
  <meta name='ocr-system' content='tesseract 3.04.00' />
  <meta name='ocr-capabilities' content='ocr_page ocr_carea ocr_par ocr_line ocrx_word'/>
</head>
<body>
  <div class='ocr_page' id='page_1' title='image "./tlucreticarider20carugoog_0087.png"; bbox 0 0 2496 3876; ppageno 0'>
   <div class='ocr_carea' id='block_1_1' title="bbox 105 166 749 224">
    <p class='ocr_par' dir='ltr' id='par_1_1' title="bbox 105 166 749 224">
     <span class='ocr_line' id='line_1_1' title="bbox 105 166 749 224; baseline 0 -1"><span class='ocrx_word' id='word_1_1' title='bbox 105 167 203 224; x_wconf 83' lang='lat' dir='ltr'>LXXX</span> <span class='ocrx_word' id='word_1_2' title='bbox 467 166 749 223; x_wconf 79' lang='lat' dir='ltr'>PROLEGOMXNA.</span> 
     </span>
    </p>
   </div>
   <div class='ocr_carea' id='block_1_2' title="bbox 101 311 1224 3664">
    <p class='ocr_par' dir='ltr' id='par_1_2' title="bbox 101 311 1224 3664">
     <span class='ocr_line' id='line_1_2' title="bbox 105 311 1131 394; baseline -0.001 -19"><span class='ocrx_word' id='word_1_3' title='bbox 105 313 276 376; x_wconf 87' lang='lat' dir='ltr'><strong>Lucretium</strong></span> <span class='ocrx_word' id='word_1_4' title='bbox 299 315 364 377; x_wconf 90' lang='lat' dir='ltr'><strong>aliis</strong></span> <span class='ocrx_word' id='word_1_5' title='bbox 386 316 460 377; x_wconf 88' lang='lat' dir='ltr'><strong>locis</strong></span> <span class='ocrx_word' id='word_1_6' title='bbox 482 333 542 376; x_wconf 91' lang='lat' dir='ltr'><strong>non</strong></span> <span class='ocrx_word' id='word_1_7' title='bbox 565 318 606 376; x_wconf 89' lang='lat' dir='ltr'><strong>ita</strong></span> <span class='ocrx_word' id='word_1_8' title='bbox 623 317 750 394; x_wconf 75' lang='lat' dir='ltr'>positam</span> <span class='ocrx_word' id='word_1_9' title='bbox 768 317 909 376; x_wconf 84' lang='lat' dir='ltr'><strong>inveniri:</strong></span> <span class='ocrx_word' id='word_1_10' title='bbox 928 311 1031 393; x_wconf 69' lang='lat' dir='ltr'><strong>fueris</strong></span> <span class='ocrx_word' id='word_1_11' title='bbox 1054 317 1131 374; x_wconf 89' lang='lat' dir='ltr'><strong>iam</strong></span> 
     </span>
     <span class='ocr_line' id='line_1_3' title="bbox 104 399 1128 486; baseline 0.002 -24"><span class='ocrx_word' id='word_1_12' title='bbox 104 402 283 486; x_wconf 79' lang='lat' dir='ltr'><strong>Wakefield,</strong></span> <span class='ocrx_word' id='word_1_13' title='bbox 306 404 358 464; x_wconf 92' lang='lat' dir='ltr'><strong>sed</strong></span> <span class='ocrx_word' id='word_1_14' title='bbox 376 407 475 484; x_wconf 88' lang='lat' dir='ltr'><strong>inepte</strong></span> <span class='ocrx_word' id='word_1_15' title='bbox 495 407 550 465; x_wconf 91' lang='lat' dir='ltr'><strong>sic:</strong></span> <span class='ocrx_word' id='word_1_16' title='bbox 571 401 702 483; x_wconf 75' lang='lat' dir='ltr'><strong>plenior,</strong></span> <span class='ocrx_word' id='word_1_17' title='bbox 725 407 756 465; x_wconf 85' lang='lat' dir='ltr'><strong>et</strong></span> <span class='ocrx_word' id='word_1_18' title='bbox 772 401 872 483; x_wconf 62' lang='lat' dir='ltr'><strong>fueris</strong></span> <span class='ocrx_word' id='word_1_19' title='bbox 893 399 977 464; x_wconf 77' lang='lat' dir='ltr'><strong>sotio.</strong></span> <span class='ocrx_word' id='word_1_20' title='bbox 1010 421 1128 464; x_wconf 87' lang='lat' dir='ltr'><strong>assen-</strong></span> 
     </span>
     <span class='ocr_line' id='line_1_4' title="bbox 104 488 1215 571; baseline 0.002 -20"><span class='ocrx_word' id='word_1_21' title='bbox 104 493 177 552; x_wconf 86' lang='lat' dir='ltr'><strong>titur</strong></span> <span class='ocrx_word' id='word_1_22' title='bbox 195 493 268 552; x_wconf 91' lang='lat' dir='ltr'><strong>mihi</strong></span> <span class='ocrx_word' id='word_1_23' title='bbox 286 491 456 554; x_wconf 86' lang='lat' dir='ltr'><strong>Giussanus.</strong></span> <span class='ocrx_word' id='word_1_24' title='bbox 490 492 560 552; x_wconf 90' lang='lat' dir='ltr'><strong>olim</strong></span> <span class='ocrx_word' id='word_1_25' title='bbox 578 492 718 554; x_wconf 87' lang='lat' dir='ltr'><strong>audacius</strong></span> <span class='ocrx_word' id='word_1_26' title='bbox 737 494 921 552; x_wconf 87' lang='lat' dir='ltr'><strong>conieceram</strong></span> <span class='ocrx_word' id='word_1_27' title='bbox 933 488 1059 571; x_wconf 73' lang='lat' dir='ltr'><strong>plenior</strong></span> <span class='ocrx_word' id='word_1_28' title='bbox 1077 509 1130 553; x_wconf 75' lang='lat' dir='ltr'><strong>ex</strong></span> <span class='ocrx_word' id='word_1_29' title='bbox 1214 519 1215 526; x_wconf 47' lang='lat'>¹</span> 
     </span>
     <span class='ocr_line' id='line_1_5' title="bbox 105 579 1128 661; baseline -0.003 -19"><span class='ocrx_word' id='word_1_30' title='bbox 105 579 244 657; x_wconf 73' lang='lat' dir='ltr'><strong>epulis.</strong></span> <span class='ocrx_word' id='word_1_31' title='bbox 276 580 479 641; x_wconf 86' lang='lat' dir='ltr'><strong>Lachmannus</strong></span> <span class='ocrx_word' id='word_1_32' title='bbox 494 588 524 641; x_wconf 91' lang='lat' dir='ltr'><strong>et</strong></span> <span class='ocrx_word' id='word_1_33' title='bbox 532 580 709 660; x_wconf 81' lang='lat' dir='ltr'><strong>Bemaysius</strong></span> <span class='ocrx_word' id='word_1_34' title='bbox 723 587 762 661; x_wconf 82' lang='lat' dir='ltr'><strong>et,</strong></span> <span class='ocrx_word' id='word_1_35' title='bbox 781 580 859 658; x_wconf 87' lang='lat' dir='ltr'><strong>qued</strong></span> <span class='ocrx_word' id='word_1_36' title='bbox 876 582 1004 660; x_wconf 87' lang='lat' dir='ltr'><strong>mireris,</strong></span> <span class='ocrx_word' id='word_1_37' title='bbox 1022 582 1128 640; x_wconf 87' lang='lat' dir='ltr'><strong>etiam</strong></span> 
     </span>
     <span class='ocr_line' id='line_1_6' title="bbox 103 667 1125 748; baseline 0 -20"><span class='ocrx_word' id='word_1_38' title='bbox 103 667 252 731; x_wconf 89' lang='lat' dir='ltr'><strong>Madvicus</strong></span> <span class='ocrx_word' id='word_1_39' title='bbox 279 671 438 748; x_wconf 78' lang='lat' dir='ltr'><strong>cunctare,</strong></span> <span class='ocrx_word' id='word_1_40' title='bbox 471 672 555 748; x_wconf 92' lang='lat' dir='ltr'><strong>quasi</strong></span> <span class='ocrx_word' id='word_1_41' title='bbox 582 668 618 730; x_wconf 91' lang='lat' dir='ltr'><strong>de</strong></span> <span class='ocrx_word' id='word_1_42' title='bbox 645 668 782 729; x_wconf 86' lang='lat' dir='ltr'><strong>Memmio</strong></span> <span class='ocrx_word' id='word_1_43' title='bbox 810 669 866 728; x_wconf 88' lang='lat' dir='ltr'><strong>hoc</strong></span> <span class='ocrx_word' id='word_1_44' title='bbox 893 668 1021 748; x_wconf 87' lang='lat' dir='ltr'><strong>dicatur,</strong></span> <span class='ocrx_word' id='word_1_45' title='bbox 1052 687 1125 728; x_wconf 88' lang='lat' dir='ltr'><strong>nnn</strong></span> 
     </span>
     <span class='ocr_line' id='line_1_7' title="bbox 104 753 1122 836; baseline 0.001 -20"><span class='ocrx_word' id='word_1_46' title='bbox 104 756 140 817; x_wconf 92' lang='lat' dir='ltr'><strong>de</strong></span> <span class='ocrx_word' id='word_1_47' title='bbox 160 757 299 834; x_wconf 83' lang='lat' dir='ltr'><strong>quelibet.</strong></span> <span class='ocrx_word' id='word_1_48' title='bbox 330 774 385 835; x_wconf 86' lang='lat' dir='ltr'><strong>pre</strong></span> <span class='ocrx_word' id='word_1_49' title='bbox 403 754 539 835; x_wconf 68' lang='lat' dir='ltr'><strong>efficeris</strong></span> <span class='ocrx_word' id='word_1_50' title='bbox 556 756 673 818; x_wconf 85' lang='lat' dir='ltr'><strong>Lachm.</strong></span> <span class='ocrx_word' id='word_1_51' title='bbox 693 764 723 818; x_wconf 93' lang='lat' dir='ltr'><strong>et</strong></span> <span class='ocrx_word' id='word_1_52' title='bbox 741 753 854 818; x_wconf 67' lang='lat' dir='ltr'><strong>tennis</strong></span> <span class='ocrx_word' id='word_1_53' title='bbox 872 758 1001 836; x_wconf 74' lang='lat' dir='ltr'><strong>scripsit,</strong></span> <span class='ocrx_word' id='word_1_54' title='bbox 1018 756 1122 817; x_wconf 87' lang='lat' dir='ltr'><strong>Madv.</strong></span> 
     </span>
     <span class='ocr_line' id='line_1_8' title="bbox 104 843 1224 943; baseline 0.002 -39"><span class='ocrx_word' id='word_1_55' title='bbox 104 851 133 904; x_wconf 90' lang='lat' dir='ltr'><strong>et</strong></span> <span class='ocrx_word' id='word_1_56' title='bbox 149 843 280 926; x_wconf 68' lang='lat' dir='ltr'><strong>freceis,</strong></span> <span class='ocrx_word' id='word_1_57' title='bbox 302 852 460 924; x_wconf 82' lang='lat' dir='ltr'><strong>utrumque</strong></span> <span class='ocrx_word' id='word_1_58' title='bbox 484 863 576 924; x_wconf 91' lang='lat' dir='ltr'><strong>aeque</strong></span> <span class='ocrx_word' id='word_1_59' title='bbox 594 845 667 906; x_wconf 85' lang='lat' dir='ltr'><strong>false</strong></span> <span class='ocrx_word' id='word_1_60' title='bbox 690 854 777 924; x_wconf 90' lang='lat' dir='ltr'><strong>atque</strong></span> <span class='ocrx_word' id='word_1_61' title='bbox 800 844 873 904; x_wconf 91' lang='lat' dir='ltr'><strong>illud</strong></span> <span class='ocrx_word' id='word_1_62' title='bbox 895 847 1043 906; x_wconf 69' lang='lat' dir='ltr'><strong>amntem.</strong></span> <span class='ocrx_word' id='word_1_63' title='bbox 1070 879 1121 888; x_wconf 83' lang='lat'>—</span> <span class='ocrx_word' id='word_1_64' title='bbox 1219 863 1224 943; x_wconf 50' lang='lat'><strong>(¹</strong></span> 
     </span>
     <span class='ocr_line' id='line_1_9' title="bbox 105 930 1122 1013; baseline 0.002 -20"><span class='ocrx_word' id='word_1_65' title='bbox 105 930 167 994; x_wconf 81' lang='grc'><strong>797</strong></span> <span class='ocrx_word' id='word_1_66' title='bbox 187 949 256 994; x_wconf 82' lang='lat' dir='ltr'><strong>enm</strong></span> <span class='ocrx_word' id='word_1_67' title='bbox 273 930 410 994; x_wconf 73' lang='lat' dir='ltr'><strong>enemim</strong></span> <span class='ocrx_word' id='word_1_68' title='bbox 427 932 607 996; x_wconf 76' lang='lat' dir='ltr'><strong>heminis</strong></span> <span class='ocrx_word' id='word_1_69' title='bbox 624 931 760 1011; x_wconf 74' lang='lat' dir='ltr'><strong>percepit</strong></span> <span class='ocrx_word' id='word_1_70' title='bbox 777 930 928 1013; x_wconf 66' lang='lat' dir='ltr'><strong>fervidior</strong></span> <span class='ocrx_word' id='word_1_71' title='bbox 944 931 1004 994; x_wconf 77' lang='lat' dir='ltr'><strong>ets:</strong></span> <span class='ocrx_word' id='word_1_72' title='bbox 1028 931 1122 995; x_wconf 57' lang='lat' dir='ltr'><strong>man»</strong></span> 
     </span>
     <span class='ocr_line' id='line_1_10' title="bbox 103 1015 1117 1104; baseline 0.002 -24"><span class='ocrx_word' id='word_1_73' title='bbox 103 1037 163 1081; x_wconf 82' lang='lat' dir='ltr'><strong>nnc</strong></span> <span class='ocrx_word' id='word_1_74' title='bbox 186 1019 244 1092; x_wconf 82' lang='lat'><strong>00.</strong></span> <span class='ocrx_word' id='word_1_75' title='bbox 277 1019 384 1082; x_wconf 80' lang='lat' dir='ltr'><strong>domus</strong></span> <span class='ocrx_word' id='word_1_76' title='bbox 411 1021 541 1082; x_wconf 79' lang='lat' dir='ltr'><strong>editores</strong></span> <span class='ocrx_word' id='word_1_77' title='bbox 567 1020 636 1080; x_wconf 88' lang='lat' dir='ltr'><strong>inde</strong></span> <span class='ocrx_word' id='word_1_78' title='bbox 664 1021 762 1082; x_wconf 89' lang='lat' dir='ltr'><strong>aPio.</strong></span> <span class='ocrx_word' id='word_1_79' title='bbox 795 1015 933 1104; x_wconf 72' lang='lat' dir='ltr'><strong>(fenicie</strong></span> <span class='ocrx_word' id='word_1_80' title='bbox 958 1019 1055 1083; x_wconf 78' lang='lat' dir='ltr'><strong>servis</strong></span> <span class='ocrx_word' id='word_1_81' title='bbox 1080 1021 1117 1082; x_wconf 88' lang='grc' dir='ltr'><strong>Ο.</strong></span> 
     </span>
     <span class='ocr_line' id='line_1_11' title="bbox 101 1103 1118 1193; baseline 0 -23"><span class='ocrx_word' id='word_1_82' title='bbox 101 1105 225 1188; x_wconf 77' lang='lat' dir='ltr'><strong>fereidn</strong></span> <span class='ocrx_word' id='word_1_83' title='bbox 241 1107 338 1187; x_wconf 73' lang='lat' dir='ltr'><strong>sernia</strong></span> <span class='ocrx_word' id='word_1_84' title='bbox 355 1103 404 1193; x_wconf 83' lang='lat' dir='ltr'><strong>Q.)</strong></span> <span class='ocrx_word' id='word_1_85' title='bbox 428 1110 479 1169; x_wconf 91' lang='lat' dir='ltr'><strong>sed</strong></span> <span class='ocrx_word' id='word_1_86' title='bbox 504 1111 555 1188; x_wconf 87' lang='lat' dir='ltr'><strong>qui</strong></span> <span class='ocrx_word' id='word_1_87' title='bbox 578 1108 738 1169; x_wconf 86' lang='lat' dir='ltr'><strong>carbonum</strong></span> <span class='ocrx_word' id='word_1_88' title='bbox 760 1110 868 1170; x_wconf 82' lang='lat' dir='ltr'><strong>halitus</strong></span> <span class='ocrx_word' id='word_1_89' title='bbox 891 1113 1045 1170; x_wconf 84' lang='lat' dir='ltr'>nocentior</span> <span class='ocrx_word' id='word_1_90' title='bbox 1065 1113 1118 1191; x_wconf 84' lang='lat' dir='ltr'><strong>sit,</strong></span> 
     </span>
     <span class='ocr_line' id='line_1_12' title="bbox 105 1195 1117 1278; baseline 0.004 -22"><span class='ocrx_word' id='word_1_91' title='bbox 105 1199 131 1257; x_wconf 86' lang='lat' dir='ltr'><strong>si</strong></span> <span class='ocrx_word' id='word_1_92' title='bbox 149 1196 215 1275; x_wconf 90' lang='lat' dir='ltr'><strong>plus</strong></span> <span class='ocrx_word' id='word_1_93' title='bbox 234 1215 269 1257; x_wconf 89' lang='lat' dir='ltr'><strong>ee</strong></span> <span class='ocrx_word' id='word_1_94' title='bbox 288 1198 418 1259; x_wconf 82' lang='lat' dir='ltr'><strong>conclavi</strong></span> <span class='ocrx_word' id='word_1_95' title='bbox 439 1200 468 1258; x_wconf 93' lang='lat' dir='ltr'><strong>in</strong></span> <span class='ocrx_word' id='word_1_96' title='bbox 489 1216 546 1276; x_wconf 84' lang='lat' dir='ltr'><strong>quo</strong></span> <span class='ocrx_word' id='word_1_97' title='bbox 566 1199 633 1276; x_wconf 93' lang='lat' dir='ltr'><strong>quis</strong></span> <span class='ocrx_word' id='word_1_98' title='bbox 651 1197 727 1257; x_wconf 82' lang='lat' dir='ltr'><strong>ferte</strong></span> <span class='ocrx_word' id='word_1_99' title='bbox 746 1206 792 1259; x_wconf 87' lang='lat' dir='ltr'><strong>est</strong></span> <span class='ocrx_word' id='word_1_100' title='bbox 809 1195 975 1278; x_wconf 82' lang='lat' dir='ltr'><strong>pereipiat?</strong></span> <span class='ocrx_word' id='word_1_101' title='bbox 1012 1198 1117 1260; x_wconf 87' lang='lat' dir='ltr'><strong>decuit</strong></span> 
     </span>
     <span class='ocr_line' id='line_1_13' title="bbox 103 1283 1118 1367; baseline 0.002 -22"><span class='ocrx_word' id='word_1_102' title='bbox 103 1283 259 1346; x_wconf 86' lang='lat' dir='ltr'><strong>Lucretius</strong></span> <span class='ocrx_word' id='word_1_103' title='bbox 273 1285 438 1366; x_wconf 87' lang='lat' dir='ltr'><strong>pericnlum</strong></span> <span class='ocrx_word' id='word_1_104' title='bbox 452 1288 563 1367; x_wconf 82' lang='lat' dir='ltr'>augeri,</span> <span class='ocrx_word' id='word_1_105' title='bbox 577 1288 603 1345; x_wconf 91' lang='lat' dir='ltr'><strong>si</strong></span> <span class='ocrx_word' id='word_1_106' title='bbox 615 1304 676 1346; x_wconf 91' lang='lat' dir='ltr'><strong>non</strong></span> <span class='ocrx_word' id='word_1_107' title='bbox 685 1286 772 1346; x_wconf 90' lang='lat' dir='ltr'><strong>modo</strong></span> <span class='ocrx_word' id='word_1_108' title='bbox 787 1284 942 1347; x_wconf 81' lang='lat' dir='ltr'><strong>cerebrum</strong></span> <span class='ocrx_word' id='word_1_109' title='bbox 951 1287 1007 1365; x_wconf 89' lang='lat' dir='ltr'><strong>sed</strong></span> <span class='ocrx_word' id='word_1_110' title='bbox 1016 1294 1118 1347; x_wconf 91' lang='lat' dir='ltr'><strong>totum</strong></span> 
     </span>
     <span class='ocr_line' id='line_1_14' title="bbox 104 1372 1119 1455; baseline 0.001 -20"><span class='ocrx_word' id='word_1_111' title='bbox 104 1392 212 1453; x_wconf 85' lang='lat' dir='ltr'><strong>corpus</strong></span> <span class='ocrx_word' id='word_1_112' title='bbox 230 1375 358 1435; x_wconf 92' lang='lat' dir='ltr'><strong>hominis</strong></span> <span class='ocrx_word' id='word_1_113' title='bbox 376 1377 521 1455; x_wconf 86' lang='lat' dir='ltr'><strong>percipiat</strong></span> <span class='ocrx_word' id='word_1_114' title='bbox 540 1374 700 1436; x_wconf 85' lang='lat' dir='ltr'><strong>carbonum</strong></span> <span class='ocrx_word' id='word_1_115' title='bbox 715 1372 795 1436; x_wconf 87' lang='lat' dir='ltr'><strong>oder.</strong></span> <span class='ocrx_word' id='word_1_116' title='bbox 888 1372 936 1436; x_wconf 81' lang='lat' dir='ltr'><strong>cis</strong></span> <span class='ocrx_word' id='word_1_117' title='bbox 954 1393 971 1432; x_wconf 72' lang='lat' dir='ltr'><strong>s</strong></span> <span class='ocrx_word' id='word_1_118' title='bbox 990 1377 1055 1436; x_wconf 81' lang='lat' dir='ltr'><strong>inm</strong></span> <span class='ocrx_word' id='word_1_119' title='bbox 1077 1374 1119 1454; x_wconf 78' lang='lat' dir='ltr'><strong>fit</strong></span> 
     </span>
     <span class='ocr_line' id='line_1_15' title="bbox 103 1459 1118 1543; baseline 0.002 -19"><span class='ocrx_word' id='word_1_120' title='bbox 103 1461 177 1524; x_wconf 78' lang='lat' dir='ltr'><strong>oder</strong></span> <span class='ocrx_word' id='word_1_121' title='bbox 199 1463 287 1526; x_wconf 74' lang='lat' dir='ltr'><strong>viaet</strong></span> <span class='ocrx_word' id='word_1_122' title='bbox 309 1463 382 1535; x_wconf 68' lang='lat' dir='ltr'><strong>OQ:</strong></span> <span class='ocrx_word' id='word_1_123' title='bbox 414 1482 481 1525; x_wconf 90' lang='lat' dir='ltr'><strong>cum</strong></span> <span class='ocrx_word' id='word_1_124' title='bbox 508 1465 636 1524; x_wconf 90' lang='lat' dir='ltr'><strong>sciamus</strong></span> <span class='ocrx_word' id='word_1_125' title='bbox 660 1463 780 1523; x_wconf 86' lang='lat' dir='ltr'><strong>odorem</strong></span> <span class='ocrx_word' id='word_1_126' title='bbox 807 1465 868 1522; x_wconf 87' lang='lat' dir='ltr'><strong>vini</strong></span> <span class='ocrx_word' id='word_1_127' title='bbox 892 1480 979 1543; x_wconf 90' lang='lat' dir='ltr'><strong>posse</strong></span> <span class='ocrx_word' id='word_1_128' title='bbox 996 1459 1118 1542; x_wconf 61' lang='lat' dir='ltr'><strong>planae</strong></span> 
     </span>
     <span class='ocr_line' id='line_1_16' title="bbox 104 1547 1117 1633; baseline 0 -21"><span class='ocrx_word' id='word_1_129' title='bbox 104 1547 392 1612; x_wconf 65' lang='lat' dir='ltr'><strong>menithinne</strong></span> <span class='ocrx_word' id='word_1_130' title='bbox 405 1553 479 1632; x_wconf 83' lang='lat' dir='ltr'><strong>fieri,</strong></span> <span class='ocrx_word' id='word_1_131' title='bbox 491 1569 550 1612; x_wconf 90' lang='lat' dir='ltr'><strong>nen</strong></span> <span class='ocrx_word' id='word_1_132' title='bbox 565 1557 610 1610; x_wconf 90' lang='lat' dir='ltr'><strong>est</strong></span> <span class='ocrx_word' id='word_1_133' title='bbox 624 1569 677 1610; x_wconf 76' lang='lat' dir='ltr'><strong>ctu</strong></span> <span class='ocrx_word' id='word_1_134' title='bbox 690 1548 759 1612; x_wconf 78' lang='lat' dir='ltr'><strong>nini</strong></span> <span class='ocrx_word' id='word_1_135' title='bbox 772 1553 952 1612; x_wconf 80' lang='lat' dir='ltr'><strong>mentionem</strong></span> <span class='ocrx_word' id='word_1_136' title='bbox 965 1551 1117 1633; x_wconf 77' lang='lat' dir='ltr'><strong>tollamne,</strong></span> 
     </span>
     <span class='ocr_line' id='line_1_17' title="bbox 103 1637 1117 1719; baseline 0.001 -19"><span class='ocrx_word' id='word_1_137' title='bbox 103 1637 166 1700; x_wconf 79' lang='lat' dir='ltr'><strong>ciri</strong></span> <span class='ocrx_word' id='word_1_138' title='bbox 189 1638 359 1719; x_wconf 86' lang='lat' dir='ltr'><strong>scribendo,</strong></span> <span class='ocrx_word' id='word_1_139' title='bbox 402 1639 460 1700; x_wconf 89' lang='lat' dir='ltr'><strong>uod</strong></span> <span class='ocrx_word' id='word_1_140' title='bbox 480 1638 551 1700; x_wconf 89' lang='lat' dir='ltr'><strong>Pius</strong></span> <span class='ocrx_word' id='word_1_141' title='bbox 575 1640 757 1716; x_wconf 82' lang='lat' dir='ltr'><strong>excogitavit.</strong></span> <span class='ocrx_word' id='word_1_142' title='bbox 777 1673 819 1681; x_wconf 94' lang='lat'><em>-</em></span> <span class='ocrx_word' id='word_1_143' title='bbox 843 1637 907 1701; x_wconf 87' lang='lat'><strong>808</strong></span> <span class='ocrx_word' id='word_1_144' title='bbox 930 1637 1045 1701; x_wconf 77' lang='lat' dir='ltr'><strong>cohibet</strong></span> <span class='ocrx_word' id='word_1_145' title='bbox 1064 1639 1117 1702; x_wconf 59' lang='lat' dir='ltr'><strong>nnis</strong></span> 
     </span>
     <span class='ocr_line' id='line_1_18' title="bbox 104 1725 1116 1806; baseline 0.001 -17"><span class='ocrx_word' id='word_1_146' title='bbox 104 1745 220 1806; x_wconf 67' lang='lat' dir='ltr'><strong>menna</strong></span> <span class='ocrx_word' id='word_1_147' title='bbox 241 1726 584 1789; x_wconf 66' lang='lat' dir='ltr'><strong>westenhem.</strong></span> <span class='ocrx_word' id='word_1_148' title='bbox 607 1728 757 1789; x_wconf 80' lang='lat' dir='ltr'><strong>necessest.</strong></span> <span class='ocrx_word' id='word_1_149' title='bbox 791 1725 920 1790; x_wconf 73' lang='lat' dir='ltr'><strong>accessis</strong></span> <span class='ocrx_word' id='word_1_150' title='bbox 942 1728 1021 1788; x_wconf 86' lang='lat' dir='ltr'><strong>idem</strong></span> <span class='ocrx_word' id='word_1_151' title='bbox 1045 1747 1116 1790; x_wconf 86' lang='lat' dir='ltr'><strong>esse</strong></span> 
     </span>
     <span class='ocr_line' id='line_1_19' title="bbox 104 1813 1115 1896; baseline 0.002 -22"><span class='ocrx_word' id='word_1_152' title='bbox 104 1815 166 1875; x_wconf 84' lang='lat' dir='ltr'><strong>vult</strong></span> <span class='ocrx_word' id='word_1_153' title='bbox 179 1815 391 1896; x_wconf 85' lang='lat' dir='ltr'><strong>Lachmanuus‚</strong></span> <span class='ocrx_word' id='word_1_154' title='bbox 411 1815 488 1895; x_wconf 88' lang='lat' dir='ltr'><strong>qued</strong></span> <span class='ocrx_word' id='word_1_155' title='bbox 502 1813 696 1877; x_wconf 71' lang='lat' dir='ltr'><strong>necessitatis.</strong></span> <span class='ocrx_word' id='word_1_156' title='bbox 720 1815 803 1876; x_wconf 85' lang='lat' dir='ltr'><strong>valde</strong></span> <span class='ocrx_word' id='word_1_157' title='bbox 817 1815 927 1876; x_wconf 90' lang='lat' dir='ltr'><strong>dubito.</strong></span> <span class='ocrx_word' id='word_1_158' title='bbox 947 1816 1021 1876; x_wconf 93' lang='lat' dir='ltr'><strong>mihi</strong></span> <span class='ocrx_word' id='word_1_159' title='bbox 1033 1816 1115 1876; x_wconf 84' lang='lat' dir='ltr'><strong>ahia-</strong></span> 
     </span>
     <span class='ocr_line' id='line_1_20' title="bbox 104 1903 1115 1984; baseline 0.001 -21"><span class='ocrx_word' id='word_1_160' title='bbox 104 1905 164 1963; x_wconf 87' lang='lat' dir='ltr'><strong>tivo</strong></span> <span class='ocrx_word' id='word_1_161' title='bbox 191 1903 307 1965; x_wconf 86' lang='lat' dir='ltr'><strong>videtur</strong></span> <span class='ocrx_word' id='word_1_162' title='bbox 334 1922 409 1983; x_wconf 90' lang='lat' dir='ltr'><strong>opus</strong></span> <span class='ocrx_word' id='word_1_163' title='bbox 431 1921 510 1984; x_wconf 83' lang='lat' dir='ltr'><strong>esse,</strong></span> <span class='ocrx_word' id='word_1_164' title='bbox 541 1921 638 1982; x_wconf 86' lang='lat' dir='ltr'><strong>neque</strong></span> <span class='ocrx_word' id='word_1_165' title='bbox 665 1911 764 1964; x_wconf 88' lang='lat' dir='ltr'><strong>tamen</strong></span> <span class='ocrx_word' id='word_1_166' title='bbox 791 1922 881 1965; x_wconf 90' lang='lat' dir='ltr'><strong>ausus</strong></span> <span class='ocrx_word' id='word_1_167' title='bbox 909 1922 975 1964; x_wconf 90' lang='lat' dir='ltr'><strong>sum</strong></span> <span class='ocrx_word' id='word_1_168' title='bbox 1005 1904 1115 1964; x_wconf 86' lang='lat' dir='ltr'><strong>dehor-</strong></span> 
     </span>
     <span class='ocr_line' id='line_1_21' title="bbox 105 1989 1115 2054; baseline 0.003 -3"><span class='ocrx_word' id='word_1_169' title='bbox 105 1998 185 2052; x_wconf 80' lang='lat' dir='ltr'><strong>tante</strong></span> <span class='ocrx_word' id='word_1_170' title='bbox 203 1991 389 2053; x_wconf 87' lang='lat' dir='ltr'><strong>Lachmannc</strong></span> <span class='ocrx_word' id='word_1_171' title='bbox 407 2008 528 2054; x_wconf 79' lang='lat' dir='ltr'><strong>necessu</strong></span> <span class='ocrx_word' id='word_1_172' title='bbox 549 1991 688 2052; x_wconf 79' lang='lat' dir='ltr'><strong>scribere.</strong></span> <span class='ocrx_word' id='word_1_173' title='bbox 707 2025 750 2033; x_wconf 93' lang='lat'>—</span> <span class='ocrx_word' id='word_1_174' title='bbox 769 1989 834 2054; x_wconf 81' lang='lat'><strong>832</strong></span> <span class='ocrx_word' id='word_1_175' title='bbox 852 1990 1057 2052; x_wconf 88' lang='lat' dir='ltr'><strong>Lachmannus</strong></span> <span class='ocrx_word' id='word_1_176' title='bbox 1076 1993 1115 2054; x_wconf 91' lang='lat' dir='ltr'><strong>ad</strong></span> 
     </span>
     <span class='ocr_line' id='line_1_22' title="bbox 105 2077 1114 2160; baseline 0.001 -21"><span class='ocrx_word' id='word_1_177' title='bbox 105 2099 131 2140; x_wconf 79' lang='lat' dir='ltr'><strong>v.</strong></span> <span class='ocrx_word' id='word_1_178' title='bbox 155 2077 218 2142; x_wconf 85' lang='grc'><strong>839</strong></span> <span class='ocrx_word' id='word_1_179' title='bbox 242 2081 316 2141; x_wconf 86' lang='lat' dir='ltr'><strong>nihil</strong></span> <span class='ocrx_word' id='word_1_180' title='bbox 339 2081 457 2144; x_wconf 86' lang='lat' dir='ltr'><strong>obstare</strong></span> <span class='ocrx_word' id='word_1_181' title='bbox 484 2081 569 2160; x_wconf 82' lang='lat' dir='ltr'><strong>dicit,</strong></span> <span class='ocrx_word' id='word_1_182' title='bbox 597 2082 670 2159; x_wconf 89' lang='lat' dir='ltr'><strong>quin</strong></span> <span class='ocrx_word' id='word_1_183' title='bbox 697 2079 804 2140; x_wconf 84' lang='lat' dir='ltr'><strong>scheda</strong></span> <span class='ocrx_word' id='word_1_184' title='bbox 826 2080 923 2160; x_wconf 82' lang='lat' dir='ltr'><strong>aliqua</strong></span> <span class='ocrx_word' id='word_1_185' title='bbox 945 2081 994 2142; x_wconf 91' lang='lat' dir='ltr'><strong>hic</strong></span> <span class='ocrx_word' id='word_1_186' title='bbox 1017 2099 1052 2141; x_wconf 84' lang='lat' dir='ltr'><strong>ex</strong></span> <span class='ocrx_word' id='word_1_187' title='bbox 1077 2099 1114 2141; x_wconf 89' lang='lat' dir='ltr'><strong>ee</strong></span> 
     </span>
     <span class='ocr_line' id='line_1_23' title="bbox 106 2167 1115 2250; baseline 0.002 -23"><span class='ocrx_word' id='word_1_188' title='bbox 106 2167 220 2249; x_wconf 86' lang='lat' dir='ltr'><strong>codice,</strong></span> <span class='ocrx_word' id='word_1_189' title='bbox 253 2171 304 2247; x_wconf 92' lang='lat' dir='ltr'><strong>qui</strong></span> <span class='ocrx_word' id='word_1_190' title='bbox 329 2179 501 2232; x_wconf 88' lang='lat' dir='ltr'><strong>nestrorum</strong></span> <span class='ocrx_word' id='word_1_191' title='bbox 531 2187 638 2248; x_wconf 86' lang='lat' dir='ltr'><strong>parens</strong></span> <span class='ocrx_word' id='word_1_192' title='bbox 667 2171 718 2250; x_wconf 85' lang='lat' dir='ltr'><strong>sit,</strong></span> <span class='ocrx_word' id='word_1_193' title='bbox 752 2169 898 2229; x_wconf 83' lang='lat' dir='ltr'><strong>excidisse</strong></span> <span class='ocrx_word' id='word_1_194' title='bbox 926 2171 1115 2229; x_wconf 82' lang='lat' dir='ltr'><strong>existimetur</strong></span> 
     </span>
     <span class='ocr_line' id='line_1_24' title="bbox 107 2256 1114 2338; baseline 0.001 -22"><span class='ocrx_word' id='word_1_195' title='bbox 107 2264 221 2317; x_wconf 89' lang='lat' dir='ltr'><strong>etcum</strong></span> <span class='ocrx_word' id='word_1_196' title='bbox 239 2256 294 2318; x_wconf 88' lang='lat' dir='ltr'><strong>hac</strong></span> <span class='ocrx_word' id='word_1_197' title='bbox 313 2259 420 2319; x_wconf 84' lang='lat' dir='ltr'><strong>scheda</strong></span> <span class='ocrx_word' id='word_1_198' title='bbox 438 2260 576 2319; x_wconf 83' lang='lat' dir='ltr'><strong>interisse</strong></span> <span class='ocrx_word' id='word_1_199' title='bbox 595 2264 737 2337; x_wconf 87' lang='lat' dir='ltr'><strong>putentur</strong></span> <span class='ocrx_word' id='word_1_200' title='bbox 758 2275 805 2338; x_wconf 83' lang='lat' dir='ltr'><strong>ea,</strong></span> <span class='ocrx_word' id='word_1_201' title='bbox 829 2275 955 2337; x_wconf 85' lang='lat' dir='ltr'><strong>quorum</strong></span> <span class='ocrx_word' id='word_1_202' title='bbox 974 2264 1114 2337; x_wconf 87' lang='lat' dir='ltr'><strong>quattuor</strong></span> 
     </span>
     <span class='ocr_line' id='line_1_25' title="bbox 105 2345 1113 2426; baseline 0.001 -22"><span class='ocrx_word' id='word_1_203' title='bbox 105 2345 268 2423; x_wconf 85' lang='lat' dir='ltr'><strong>fragmenta</strong></span> <span class='ocrx_word' id='word_1_204' title='bbox 304 2353 405 2407; x_wconf 85' lang='lat' dir='ltr'><strong>extent</strong></span> <span class='ocrx_word' id='word_1_205' title='bbox 440 2346 518 2426; x_wconf 92' lang='lat' dir='ltr'><strong>apud</strong></span> <span class='ocrx_word' id='word_1_206' title='bbox 552 2353 667 2408; x_wconf 86' lang='lat' dir='ltr'><strong>veteres</strong></span> <span class='ocrx_word' id='word_1_207' title='bbox 701 2353 801 2406; x_wconf 87' lang='lat' dir='ltr'><strong>testes.</strong></span> <span class='ocrx_word' id='word_1_208' title='bbox 847 2365 864 2406; x_wconf 88' lang='lat' dir='ltr'><strong>c</strong></span> <span class='ocrx_word' id='word_1_209' title='bbox 896 2345 1003 2424; x_wconf 85' lang='lat' dir='ltr'><strong>quibus</strong></span> <span class='ocrx_word' id='word_1_210' title='bbox 1035 2346 1113 2424; x_wconf 84' lang='lat' dir='ltr'><strong>frag-</strong></span> 
     </span>
     <span class='ocr_line' id='line_1_26' title="bbox 104 2431 1114 2514; baseline 0.005 -23"><span class='ocrx_word' id='word_1_211' title='bbox 104 2435 213 2492; x_wconf 90' lang='lat' dir='ltr'><strong>mentis</strong></span> <span class='ocrx_word' id='word_1_212' title='bbox 237 2451 291 2511; x_wconf 83' lang='lat' dir='ltr'><strong>ege</strong></span> <span class='ocrx_word' id='word_1_213' title='bbox 319 2434 391 2494; x_wconf 90' lang='lat' dir='ltr'><strong>illud</strong></span> <span class='ocrx_word' id='word_1_214' title='bbox 414 2434 492 2514; x_wconf 90' lang='lat' dir='ltr'><strong>quod</strong></span> <span class='ocrx_word' id='word_1_215' title='bbox 516 2442 561 2495; x_wconf 89' lang='lat' dir='ltr'><strong>est</strong></span> <span class='ocrx_word' id='word_1_216' title='bbox 588 2431 662 2495; x_wconf 74' lang='lat' dir='ltr'><strong>‘non</strong></span> <span class='ocrx_word' id='word_1_217' title='bbox 688 2431 767 2496; x_wconf 73' lang='lat' dir='ltr'><strong>mitt</strong></span> <span class='ocrx_word' id='word_1_218' title='bbox 792 2431 822 2495; x_wconf 79' lang='lat' dir='ltr'><strong>si</strong></span> <span class='ocrx_word' id='word_1_219' title='bbox 848 2431 972 2514; x_wconf 75' lang='lat' dir='ltr'><strong>tittqnne</strong></span> <span class='ocrx_word' id='word_1_220' title='bbox 993 2435 1114 2496; x_wconf 82' lang='lat' dir='ltr'><strong>centnm</strong></span> 
     </span>
     <span class='ocr_line' id='line_1_27' title="bbox 105 2518 1112 2603; baseline 0.005 -24"><span class='ocrx_word' id='word_1_221' title='bbox 105 2518 307 2598; x_wconf 73' lang='lat' dir='ltr'><strong>siccioraque</strong></span> <span class='ocrx_word' id='word_1_222' title='bbox 332 2523 463 2603; x_wconf 82' lang='lat' dir='ltr'><strong>centnm,</strong></span> <span class='ocrx_word' id='word_1_223' title='bbox 495 2538 586 2582; x_wconf 82' lang='lat' dir='ltr'><strong>neree</strong></span> <span class='ocrx_word' id='word_1_224' title='bbox 611 2518 690 2603; x_wconf 77' lang='lat' dir='ltr'><strong>cox’,</strong></span> <span class='ocrx_word' id='word_1_225' title='bbox 722 2525 749 2582; x_wconf 91' lang='lat' dir='ltr'><strong>si</strong></span> <span class='ocrx_word' id='word_1_226' title='bbox 775 2521 949 2585; x_wconf 87' lang='lat' dir='ltr'><strong>Lucretiana</strong></span> <span class='ocrx_word' id='word_1_227' title='bbox 977 2530 1047 2584; x_wconf 90' lang='lat' dir='ltr'><strong>sunt</strong></span> <span class='ocrx_word' id='word_1_228' title='bbox 1069 2557 1112 2566; x_wconf 91' lang='lat'><strong>—-</strong></span> 
     </span>
     <span class='ocr_line' id='line_1_28' title="bbox 105 2608 1112 2691; baseline 0.004 -23"><span class='ocrx_word' id='word_1_229' title='bbox 105 2608 238 2668; x_wconf 85' lang='lat' dir='ltr'><strong>Enniana</strong></span> <span class='ocrx_word' id='word_1_230' title='bbox 257 2608 314 2668; x_wconf 91' lang='lat' dir='ltr'><strong>sibi</strong></span> <span class='ocrx_word' id='word_1_231' title='bbox 329 2609 423 2669; x_wconf 80' lang='lat' dir='ltr'><strong>videri</strong></span> <span class='ocrx_word' id='word_1_232' title='bbox 435 2610 508 2670; x_wconf 91' lang='lat' dir='ltr'><strong>dicit</strong></span> <span class='ocrx_word' id='word_1_233' title='bbox 520 2609 625 2671; x_wconf 86' lang='lat' dir='ltr'><strong>Munro</strong></span> <span class='ocrx_word' id='word_1_234' title='bbox 641 2642 683 2652; x_wconf 94' lang='lat'>—</span> <span class='ocrx_word' id='word_1_235' title='bbox 697 2613 782 2671; x_wconf 90' lang='lat' dir='ltr'><strong>cuius</strong></span> <span class='ocrx_word' id='word_1_236' title='bbox 797 2614 901 2690; x_wconf 88' lang='lat' dir='ltr'><strong>capitis</strong></span> <span class='ocrx_word' id='word_1_237' title='bbox 915 2614 946 2671; x_wconf 93' lang='lat' dir='ltr'><strong>in</strong></span> <span class='ocrx_word' id='word_1_238' title='bbox 960 2614 1112 2691; x_wconf 82' lang='lat' dir='ltr'><strong>prooemio</strong></span> 
     </span>
     <span class='ocr_line' id='line_1_29' title="bbox 105 2695 1114 2782; baseline 0.002 -23"><span class='ocrx_word' id='word_1_239' title='bbox 105 2698 216 2759; x_wconf 87' lang='lat' dir='ltr'><strong>fuerint</strong></span> <span class='ocrx_word' id='word_1_240' title='bbox 247 2715 306 2756; x_wconf 88' lang='lat' dir='ltr'><strong>nen</strong></span> <span class='ocrx_word' id='word_1_241' title='bbox 337 2699 430 2774; x_wconf 85' lang='lat' dir='ltr'><strong>magis</strong></span> <span class='ocrx_word' id='word_1_242' title='bbox 462 2700 537 2778; x_wconf 88' lang='lat' dir='ltr'><strong>seio,</strong></span> <span class='ocrx_word' id='word_1_243' title='bbox 565 2715 652 2775; x_wconf 90' lang='lat' dir='ltr'><strong>quam</strong></span> <span class='ocrx_word' id='word_1_244' title='bbox 684 2697 762 2758; x_wconf 87' lang='lat' dir='ltr'><strong>unde</strong></span> <span class='ocrx_word' id='word_1_245' title='bbox 795 2695 960 2761; x_wconf 59' lang='lat' dir='ltr'><strong>‘menemus</strong></span> <span class='ocrx_word' id='word_1_246' title='bbox 988 2695 1114 2782; x_wconf 65' lang='lat' dir='ltr'><strong>fuique’,</strong></span> 
     </span>
     <span class='ocr_line' id='line_1_30' title="bbox 106 2781 1112 2867; baseline 0 -19"><span class='ocrx_word' id='word_1_247' title='bbox 106 2784 311 2864; x_wconf 76' lang='lat' dir='ltr'><strong>‘cnmereeqne</strong></span> <span class='ocrx_word' id='word_1_248' title='bbox 329 2781 481 2867; x_wconf 76' lang='lat' dir='ltr'><strong>cmntnis’,</strong></span> <span class='ocrx_word' id='word_1_249' title='bbox 498 2781 547 2847; x_wconf 71' lang='lat' dir='ltr'><strong>‘nc</strong></span> <span class='ocrx_word' id='word_1_250' title='bbox 564 2781 695 2846; x_wconf 78' lang='lat' dir='ltr'><strong>obtineet’</strong></span> <span class='ocrx_word' id='word_1_251' title='bbox 715 2794 831 2866; x_wconf 87' lang='lat' dir='ltr'><strong>sumpta</strong></span> <span class='ocrx_word' id='word_1_252' title='bbox 849 2789 915 2848; x_wconf 87' lang='lat' dir='ltr'><strong>sint.</strong></span> <span class='ocrx_word' id='word_1_253' title='bbox 930 2820 972 2830; x_wconf 89' lang='lat'><strong>—</strong></span> <span class='ocrx_word' id='word_1_254' title='bbox 991 2785 1053 2849; x_wconf 77' lang='lat'><strong>837</strong></span> <span class='ocrx_word' id='word_1_255' title='bbox 1070 2821 1112 2832; x_wconf 88' lang='lat'><strong>—-</strong></span> 
     </span>
     <span class='ocr_line' id='line_1_31' title="bbox 106 2872 1114 2956; baseline 0 -20"><span class='ocrx_word' id='word_1_256' title='bbox 106 2872 171 2937; x_wconf 91' lang='grc'><strong>840</strong></span> <span class='ocrx_word' id='word_1_257' title='bbox 201 2874 322 2935; x_wconf 84' lang='lat' dir='ltr'><strong>seclusi:</strong></span> <span class='ocrx_word' id='word_1_258' title='bbox 353 2891 457 2934; x_wconf 82' lang='lat' dir='ltr'><strong>vereor</strong></span> <span class='ocrx_word' id='word_1_259' title='bbox 489 2877 581 2955; x_wconf 87' lang='lat' dir='ltr'><strong>enim,</strong></span> <span class='ocrx_word' id='word_1_260' title='bbox 609 2891 646 2934; x_wconf 92' lang='lat' dir='ltr'><strong>ne</strong></span> <span class='ocrx_word' id='word_1_261' title='bbox 679 2877 776 2954; x_wconf 89' lang='lat' dir='ltr'><strong>aptius</strong></span> <span class='ocrx_word' id='word_1_262' title='bbox 808 2879 851 2937; x_wconf 86' lang='lat' dir='ltr'><strong>eis</strong></span> <span class='ocrx_word' id='word_1_263' title='bbox 878 2877 1114 2956; x_wconf 84' lang='lat' dir='ltr'><strong>praemittantur,</strong></span> 
     </span>
     <span class='ocr_line' id='line_1_32' title="bbox 106 2959 1112 3042; baseline 0.004 -20"><span class='ocrx_word' id='word_1_264' title='bbox 106 2981 180 3039; x_wconf 90' lang='lat' dir='ltr'><strong>quae</strong></span> <span class='ocrx_word' id='word_1_265' title='bbox 203 2962 272 3023; x_wconf 91' lang='lat' dir='ltr'><strong>iude</strong></span> <span class='ocrx_word' id='word_1_266' title='bbox 291 2982 307 3023; x_wconf 91' lang='lat' dir='ltr'><strong>a</strong></span> <span class='ocrx_word' id='word_1_267' title='bbox 326 2980 414 3022; x_wconf 85' lang='lat' dir='ltr'><strong>versu</strong></span> <span class='ocrx_word' id='word_1_268' title='bbox 434 2959 497 3024; x_wconf 78' lang='lat'><strong>872</strong></span> <span class='ocrx_word' id='word_1_269' title='bbox 517 2970 711 3042; x_wconf 84' lang='lat' dir='ltr'><strong>exponuntur.</strong></span> <span class='ocrx_word' id='word_1_270' title='bbox 731 2996 773 3007; x_wconf 92' lang='lat'>—</span> <span class='ocrx_word' id='word_1_271' title='bbox 793 2960 855 3026; x_wconf 84' lang='lat'><strong>851</strong></span> <span class='ocrx_word' id='word_1_272' title='bbox 875 2964 1005 3027; x_wconf 70' lang='lat' dir='ltr'><strong>satine</strong></span> <span class='ocrx_word' id='word_1_273' title='bbox 1022 2963 1112 3026; x_wconf 89' lang='lat' dir='ltr'><strong>Vatic.</strong></span> 
     </span>
     <span class='ocr_line' id='line_1_33' title="bbox 108 3044 1113 3135; baseline 0.002 -24"><span class='ocrx_word' id='word_1_274' title='bbox 108 3047 193 3111; x_wconf 81' lang='lat'>1454</span> <span class='ocrx_word' id='word_1_275' title='bbox 216 3044 298 3135; x_wconf 80' lang='lat' dir='ltr'><strong>(Mn.)</strong></span> <span class='ocrx_word' id='word_1_276' title='bbox 321 3050 384 3111; x_wconf 91' lang='lat' dir='ltr'><strong>Lm.</strong></span> <span class='ocrx_word' id='word_1_277' title='bbox 407 3050 438 3112; x_wconf 92' lang='lat' dir='ltr'><strong>B.</strong></span> <span class='ocrx_word' id='word_1_278' title='bbox 462 3051 514 3113; x_wconf 64' lang='grc' dir='ltr'><strong>ΜΓ.</strong></span> <span class='ocrx_word' id='word_1_279' title='bbox 536 3048 652 3114; x_wconf 74' lang='lat' dir='ltr'><strong>sectere</strong></span> <span class='ocrx_word' id='word_1_280' title='bbox 675 3050 733 3122; x_wconf 79' lang='lat'><strong>00.</strong></span> <span class='ocrx_word' id='word_1_281' title='bbox 757 3051 871 3114; x_wconf 75' lang='lat' dir='ltr'><strong>donare</strong></span> <span class='ocrx_word' id='word_1_282' title='bbox 893 3052 934 3134; x_wconf 87' lang='lat' dir='ltr'><strong>B.,</strong></span> <span class='ocrx_word' id='word_1_283' title='bbox 957 3053 988 3112; x_wconf 93' lang='lat' dir='ltr'><strong>in</strong></span> <span class='ocrx_word' id='word_1_284' title='bbox 1011 3052 1113 3113; x_wconf 81' lang='lat' dir='ltr'><strong>arche-</strong></span> 
     </span>
     <span class='ocr_line' id='line_1_34' title="bbox 105 3137 1112 3219; baseline 0.006 -21"><span class='ocrx_word' id='word_1_285' title='bbox 105 3145 174 3217; x_wconf 78' lang='lat' dir='ltr'><strong>typo</strong></span> <span class='ocrx_word' id='word_1_286' title='bbox 211 3140 266 3201; x_wconf 86' lang='lat' dir='ltr'><strong>fuit</strong></span> <span class='ocrx_word' id='word_1_287' title='bbox 296 3137 413 3202; x_wconf 64' lang='lat' dir='ltr'><strong>somnne</strong></span> <span class='ocrx_word' id='word_1_288' title='bbox 443 3159 497 3219; x_wconf 86' lang='lat' dir='ltr'><strong>pre</strong></span> <span class='ocrx_word' id='word_1_289' title='bbox 525 3138 646 3202; x_wconf 78' lang='lat' dir='ltr'><strong>sceiere</strong></span> <span class='ocrx_word' id='word_1_290' title='bbox 677 3141 752 3201; x_wconf 88' lang='lat' dir='ltr'><strong>male</strong></span> <span class='ocrx_word' id='word_1_291' title='bbox 783 3149 942 3203; x_wconf 83' lang='lat' dir='ltr'><strong>exaratum.</strong></span> <span class='ocrx_word' id='word_1_292' title='bbox 975 3174 1017 3184; x_wconf 94' lang='lat'>—</span> <span class='ocrx_word' id='word_1_293' title='bbox 1049 3137 1112 3204; x_wconf 81' lang='lat'><strong>858</strong></span> 
     </span>
     <span class='ocr_line' id='line_1_35' title="bbox 105 3221 1112 3309; baseline 0.001 -21"><span class='ocrx_word' id='word_1_294' title='bbox 105 3227 227 3290; x_wconf 76' lang='lat' dir='ltr'><strong>subtus</strong></span> <span class='ocrx_word' id='word_1_295' title='bbox 247 3226 386 3308; x_wconf 70' lang='lat' dir='ltr'><strong>sriqescc&#39;t</strong></span> <span class='ocrx_word' id='word_1_296' title='bbox 407 3230 489 3290; x_wconf 79' lang='lat' dir='ltr'><strong>terre</strong></span> <span class='ocrx_word' id='word_1_297' title='bbox 510 3221 605 3289; x_wconf 86' lang='lat' dir='ltr'><strong>Aldin.</strong></span> <span class='ocrx_word' id='word_1_298' title='bbox 629 3229 641 3288; x_wconf 92' lang='lat'><em>1</em></span> <span class='ocrx_word' id='word_1_299' title='bbox 663 3229 764 3309; x_wconf 80' lang='lat' dir='ltr'><strong>vulg03</strong></span> <span class='ocrx_word' id='word_1_300' title='bbox 790 3227 907 3290; x_wconf 68' lang='lat' dir='ltr'><strong>subtus:</strong></span> <span class='ocrx_word' id='word_1_301' title='bbox 936 3224 1006 3307; x_wconf 76' lang='lat' dir='ltr'><strong>‘quo</strong></span> <span class='ocrx_word' id='word_1_302' title='bbox 1029 3247 1112 3289; x_wconf 88' lang='lat' dir='ltr'><strong>veca-</strong></span> 
     </span>
     <span class='ocr_line' id='line_1_36' title="bbox 105 3314 1112 3378; baseline 0 -2"><span class='ocrx_word' id='word_1_303' title='bbox 105 3315 175 3376; x_wconf 89' lang='lat' dir='ltr'><strong>bule</strong></span> <span class='ocrx_word' id='word_1_304' title='bbox 193 3314 349 3378; x_wconf 86' lang='lat' dir='ltr'><strong>Lucretius</strong></span> <span class='ocrx_word' id='word_1_305' title='bbox 367 3335 427 3377; x_wconf 90' lang='lat' dir='ltr'><strong>non</strong></span> <span class='ocrx_word' id='word_1_306' title='bbox 445 3314 550 3378; x_wconf 85' lang='lat' dir='ltr'><strong>utitur&#39;</strong></span> <span class='ocrx_word' id='word_1_307' title='bbox 572 3319 613 3378; x_wconf 91' lang='lat' dir='ltr'><strong>ait</strong></span> <span class='ocrx_word' id='word_1_308' title='bbox 630 3315 843 3377; x_wconf 89' lang='lat' dir='ltr'><strong>Lachmanuus.</strong></span> <span class='ocrx_word' id='word_1_309' title='bbox 885 3335 939 3377; x_wconf 82' lang='lat' dir='ltr'><strong>cur</strong></span> <span class='ocrx_word' id='word_1_310' title='bbox 959 3333 1030 3374; x_wconf 81' lang='lat' dir='ltr'><strong>vere</strong></span> <span class='ocrx_word' id='word_1_311' title='bbox 1053 3334 1112 3376; x_wconf 89' lang='lat' dir='ltr'><strong>non</strong></span> 
     </span>
     <span class='ocr_line' id='line_1_37' title="bbox 107 3401 1108 3484; baseline 0.003 -22"><span class='ocrx_word' id='word_1_312' title='bbox 107 3404 199 3464; x_wconf 90' lang='lat' dir='ltr'><strong>semel</strong></span> <span class='ocrx_word' id='word_1_313' title='bbox 221 3422 293 3465; x_wconf 90' lang='lat' dir='ltr'><strong>usus</strong></span> <span class='ocrx_word' id='word_1_314' title='bbox 317 3401 377 3464; x_wconf 79' lang='lat' dir='ltr'><strong>sit?</strong></span> <span class='ocrx_word' id='word_1_315' title='bbox 405 3404 522 3467; x_wconf 78' lang='lat' dir='ltr'><strong>sonitus</strong></span> <span class='ocrx_word' id='word_1_316' title='bbox 545 3404 603 3476; x_wconf 81' lang='lat'><strong>00.</strong></span> <span class='ocrx_word' id='word_1_317' title='bbox 621 3403 748 3484; x_wconf 73' lang='lat' dir='ltr'><strong>penitus</strong></span> <span class='ocrx_word' id='word_1_318' title='bbox 770 3403 831 3464; x_wconf 87' lang='lat' dir='ltr'><strong>Lm.</strong></span> <span class='ocrx_word' id='word_1_319' title='bbox 850 3403 882 3464; x_wconf 89' lang='lat' dir='ltr'><strong>B.</strong></span> <span class='ocrx_word' id='word_1_320' title='bbox 904 3402 957 3463; x_wconf 67' lang='grc' dir='ltr'><strong>ΜΓ.</strong></span> <span class='ocrx_word' id='word_1_321' title='bbox 981 3435 1024 3445; x_wconf 91' lang='grc'><strong>-</strong></span> <span class='ocrx_word' id='word_1_322' title='bbox 1048 3401 1108 3465; x_wconf 89' lang='grc'><strong>861</strong></span> 
     </span>
     <span class='ocr_line' id='line_1_38' title="bbox 107 3488 1110 3572; baseline -0.002 -20"><span class='ocrx_word' id='word_1_323' title='bbox 107 3491 240 3555; x_wconf 75' lang='lat' dir='ltr'><strong>laticis</strong></span> <span class='ocrx_word' id='word_1_324' title='bbox 270 3491 366 3569; x_wconf 86' lang='lat' dir='ltr'><strong>vulgo.</strong></span> <span class='ocrx_word' id='word_1_325' title='bbox 417 3488 567 3572; x_wconf 72' lang='lat' dir='ltr'><strong>‘praestat&#39;</strong></span> <span class='ocrx_word' id='word_1_326' title='bbox 602 3496 643 3555; x_wconf 87' lang='lat' dir='ltr'><strong>ait</strong></span> <span class='ocrx_word' id='word_1_327' title='bbox 674 3491 891 3571; x_wconf 79' lang='lat' dir='ltr'><strong>Lachmannm,</strong></span> <span class='ocrx_word' id='word_1_328' title='bbox 923 3494 1110 3570; x_wconf 83' lang='lat' dir='ltr'><strong>grammatice</strong></span> 
     </span>
     <span class='ocr_line' id='line_1_39' title="bbox 108 3579 1110 3664; baseline 0 -25"><span class='ocrx_word' id='word_1_329' title='bbox 108 3583 227 3658; x_wconf 78' lang='lat' dir='ltr'><strong>nutiquo</strong></span> <span class='ocrx_word' id='word_1_330' title='bbox 265 3579 354 3639; x_wconf 80' lang='lat' dir='ltr'><strong>sidem</strong></span> <span class='ocrx_word' id='word_1_331' title='bbox 389 3580 512 3664; x_wconf 80' lang='lat' dir='ltr'><strong>habere,</strong></span> <span class='ocrx_word' id='word_1_332' title='bbox 546 3602 634 3662; x_wconf 90' lang='lat' dir='ltr'><strong>quem</strong></span> <span class='ocrx_word' id='word_1_333' title='bbox 665 3580 744 3642; x_wconf 86' lang='lat' dir='ltr'><strong>Beda</strong></span> <span class='ocrx_word' id='word_1_334' title='bbox 781 3587 900 3641; x_wconf 90' lang='lat' dir='ltr'><strong>secutus</strong></span> <span class='ocrx_word' id='word_1_335' title='bbox 937 3579 972 3639; x_wconf 89' lang='lat' dir='ltr'><strong>de</strong></span> <span class='ocrx_word' id='word_1_336' title='bbox 1009 3583 1110 3639; x_wconf 80' lang='lat' dir='ltr'><strong>metris</strong></span> 
     </span>
    </p>
   </div>
   <div class='ocr_carea' id='block_1_3' title="bbox 0 0 1252 3876">
    <p class='ocr_par' dir='ltr' id='par_1_3' title="bbox 0 0 1252 3876">
     <span class='ocr_line' id='line_1_40' title="bbox 0 0 1252 3876; baseline 0 0"><span class='ocrx_word' id='word_1_337' title='bbox 0 0 1252 3876; x_wconf 95' lang='lat' dir='ltr'><strong> </strong></span> 
     </span>
    </p>
   </div>
   <div class='ocr_carea' id='block_1_4' title="bbox 942 3757 1226 3852">
    <p class='ocr_par' dir='ltr' id='par_1_4' title="bbox 942 3757 1226 3852">
     <span class='ocr_line' id='line_1_41' title="bbox 942 3757 1226 3852; baseline 0.004 -1"><span class='ocrx_word' id='word_1_338' title='bbox 942 3847 1133 3852; x_wconf 59' lang='lat'><strong>.—.</strong></span> <span class='ocrx_word' id='word_1_339' title='bbox 1224 3757 1226 3852; x_wconf 78' lang='lat' dir='ltr'><strong>i</strong></span> 
     </span>
    </p>
   </div>
  </div>
 </body>
</html>
