2496 3876
41 159 44 168 ¹
122 207 170 262 LX
483 206 765 263 PROLEGOMENA.

123 354 185 416 vult
212 372 278 416 eum
306 353 403 416 locum
432 357 483 433 qui
510 360 555 414 est
578 353 614 414 de
637 353 814 432 imaginibus
836 355 869 412 in
892 351 1028 432 speculis
1056 369 1151 430 appa-

123 441 257 504 rentibus
281 440 454 505 269-298
478 450 509 502 et
531 437 714 503 323-347.
757 441 919 520 posthaec
942 459 975 500 ea
999 439 1152 518 collocat,

125 549 198 609 quae
221 531 258 592 de
281 530 403 592 umbrae
426 536 508 590 motu
531 532 583 609 qui
601 530 718 591 videtur
738 529 864 608 legimus
883 547 927 589 vv.
946 524 1151 590 364—378.

124 618 202 680 huno
225 620 359 687 ordinem
383 618 453 678 olim
475 617 602 678 laudavi:
626 625 656 679 et
679 636 748 678 sane
771 637 820 678 res
842 619 995 696 ingeniose
1016 617 1151 692 excogi-

124 713 183 768 tata
209 714 263 769 est.
309 707 361 767 sed
389 705 667 785 transpositionibus
695 705 753 766 illis
782 723 855 784 opus
880 710 1019 766 nonest.
1076 721 1151 763 nam

123 801 170 876 ut,
198 797 269 874 quin
294 801 380 873 poeta
403 794 466 854 loco
490 794 527 855 de
550 794 774 854 simulacrorum
796 797 827 853 in
851 792 979 872 speculis
1002 791 1151 852 motibus

125 885 176 962 qui
199 883 349 962 videntur,
372 881 507 943 subicere
530 884 668 961 potuerit,
691 882 780 960 idque
803 881 849 942 vel
871 882 1036 961 aptissime,
1066 896 1150 958 quae

125 971 161 1031 de
194 968 315 1030 umbrae
342 978 423 1031 motu
454 969 592 1049 legimus,
622 969 744 1030 dubium
774 987 834 1030 non
866 976 924 1050 est,
956 972 997 1028 ita
1029 987 1076 1029 ne
1114 985 1150 1026 ea

126 1057 254 1138 quidem,
278 1074 351 1135 quae
374 1066 408 1118 ut
429 1059 584 1119 interiecta
602 1057 711 1118 seclusi
732 1053 915 1136 eor-340,
937 1075 997 1117 non
1014 1053 1148 1117 vinculo

126 1145 252 1223 quodam
281 1162 349 1206 eum
377 1147 421 1206 eis
448 1164 522 1224 quae
550 1153 714 1224 sequuntur
741 1147 943 1226 eontinentur3
975 1163 1045 1204 nam
1080 1160 1148 1204 non

126 1250 196 1295 casu
219 1233 328 1294 laetum
350 1233 475 1313 videtur,
497 1241 531 1294 ut
553 1241 620 1293 ante
645 1233 767 1294 umbrae
788 1235 978 1310 mentionem,
1002 1251 1085 1310 quae
1112 1232 1149 1290 fit

127 1317 200 1402 347,
236 1321 306 1382 illud
343 1318 551 1383 adumbratim
580 1320 745 1401 praecedat.
776 1354 820 1365 -
852 1316 1036 1381 239-243.
1073 1315 1144 1380 241

127 1403 206 1492 (226
237 1403 320 1493 Rrg.)
344 1429 361 1468 a
384 1410 533 1487 Xanneng.
565 1410 635 1470 diss.
667 1429 695 1488 p.
724 1407 775 1489 27,
807 1427 872 1469 ann.
900 1408 1017 1469 Lucret.
1047 1403 1146 1470 1879

126 1517 153 1576 p.
174 1495 246 1560 226.
265 1531 307 1542 —
328 1495 393 1559 244
415 1506 445 1558 et
468 1495 545 1577 261,
569 1495 650 1576 form
672 1514 750 1575 qaae
767 1513 858 1559 uere
875 1494 1145 1575 aampmaaair:

126 1585 187 1646 Lm.
220 1604 245 1646 v.
273 1582 351 1664 244,
387 1604 424 1646 ne
454 1584 536 1663 qaod
561 1601 658 1663 aeras
689 1587 753 1645 sine
784 1585 859 1645 suat
888 1587 1018 1664 positum
1046 1591 1146 1663 esset,

127 1707 169 1720 -
198 1674 233 1733 el.
261 1672 297 1733 ad
324 1672 350 1733 ll
380 1669 443 1733 194
466 1706 508 1715 -
531 1675 562 1732 in
594 1679 719 1752 utroque
750 1691 838 1734 versu
868 1691 922 1752 pro
949 1690 1028 1752 qaae
1053 1689 1144 1734 aere:

126 1777 204 1838 qaae
225 1762 305 1834 suat,
328 1756 400 1821 berre
423 1762 555 1841 scripsit3
581 1779 667 1821 nemo
691 1780 759 1821 eum
782 1768 903 1822 secutus
925 1768 978 1822 est.
1002 1795 1045 1804 —
1070 1759 1141 1824 267

127 1846 163 1909 ia
184 1845 266 1909 idem
287 1847 340 1908 Mr.
364 1845 400 1908 im
426 1865 494 1908 eam
517 1847 575 1918 OQ.
606 1849 641 1908 cl.
664 1868 691 1928 p.
715 1849 775 1909 XX.
816 1847 928 1910 iterum
950 1848 1013 1910 Lm.
1035 1848 1067 1909 B.
1093 1882 1140 1892 -

126 1956 152 1996 v.
167 1933 232 1996 290
251 1929 343 2020 (Lm.)
362 1954 379 1996 a
396 1935 580 1996 Lachmanno
599 1944 667 2016 post
679 1933 753 2015 270,
772 1955 788 1996 a
805 1936 965 2016 Bernaysio
984 1944 1052 2016 post
1069 1935 1142 2000 269

127 2026 256 2104 positum
287 2024 351 2086 loeo
379 2041 439 2084 non
465 2042 576 2086 moveo.
626 2031 693 2103 post
721 2022 784 2087 272
813 2018 892 2107 (289
920 2019 999 2108 Lm.)
1026 2026 1141 2086 excidit

128 2112 251 2194 aliquid,
279 2113 314 2174 cl.
343 2111 433 2174 Goeb.
461 2112 523 2173 obs.
550 2132 577 2193 p.
607 2110 657 2174 19.
703 2111 809 2173 Christ.
837 2132 866 2192 p.
891 2109 940 2174 il.
986 2112 1039 2173 blr.
1061 2113 1138 2174 Poll.
1229 2127 1230 2142 ¹

127 2202 145 2262 l.
165 2221 189 2264 c.
213 2222 240 2282 p.
263 2199 388 2282 339sq.
408 2236 451 2246 -
470 2197 533 2262 291
558 2199 632 2263 adeo
655 2218 676 2263 e
697 2198 828 2280 sperata:
842 2197 968 2282 ¹speculo
991 2200 1050 2272 00.
1070 2195 1139 2262 edd.
1230 2225 1232 2294 p

128 2324 170 2334 -
185 2288 249 2352 293
273 2291 427 2371 ooaoertit
450 2290 508 2362 00.
530 2289 561 2350 P.
584 2289 703 2368 Langen
727 2289 744 2350 l.
765 2307 789 2349 c.
813 2288 1001 2370 convertitur,
1018 2289 1080 2350 Lm.
1104 2289 1139 2350 B.

128 2412 170 2422 -
191 2377 254 2441 328
274 2399 317 2458 sq.
397 2397 451 2441 aer
472 2381 538 2443 ater
556 2378 587 2438 B.
606 2377 642 2438 M.
666 2372 821 2438 obsederat
841 2392 896 2438 aer
915 2376 1058 2440 cortinae
1077 2378 1138 2449 00.

128 2470 207 2547 ater,
234 2484 310 2528 aera
337 2466 465 2526 Lm-
490 2463 555 2527 344
582 2464 626 2527 ad
650 2467 772 2525 termam
869 2467 996 2526 tuamor
1018 2465 1080 2525 Lm.
1104 2465 1138 2526 B.

129 2556 256 2615 taaatmr
278 2552 336 2624 OQ.
360 2555 499 2614 teraatm
515 2554 568 2613 Mr.
588 2587 630 2596 —
651 2549 716 2614 380
739 2571 801 2632 sqq.
825 2551 1015 2631 eataatisqae
1027 2551 1140 2632 procui

203 2638 315 2702 moretis
346 2637 493 2702 classibus
518 2639 599 2702 iuter
625 2657 699 2720 qaas
726 2639 784 2712 00.
811 2640 907 2702 ka.
934 2641 1001 2702 Mn:
1033 2643 1141 2704 eataat

128 2747 222 2809 usqae
240 2728 302 2790 Lm.
316 2727 348 2788 B.
363 2761 405 2770 -
419 2725 483 2789 401
502 2726 610 2790 aabiia
628 2726 783 2807 despicere
797 2729 856 2801 OQ.
874 2729 973 2809 vulgo:
990 2728 1139 2808 despicere

129 2818 191 2880 Lm.
220 2817 261 2898 Β,
288 2836 313 2877 v.
341 2815 441 2896 philol.
469 2816 562 2877 XXIX
587 2814 661 2878 444.
685 2851 728 2861 -
756 2837 773 2875 a
798 2816 872 2879 402.
919 2818 1073 2897 desperavi
1100 2819 1137 2879 de

131 2906 348 2987 emendatione,
389 2904 523 2966 lacunam
559 2912 657 2967 tamen
693 2914 774 2968 certo
812 2906 990 2984 adgnoscere
1027 2905 1137 2966 videor.

131 3002 262 3057 ceterum
289 3013 327 3056 ne
350 3012 429 3054 nune
453 2994 572 3072 quidem
594 2996 667 3055 mibi
691 2997 762 3055 satis
786 3001 900 3055 constat
923 3013 982 3054 non
1005 2996 1137 3074 potuisse

130 3082 300 3144 Lucretium
322 3079 465 3145 miramde
488 3082 628 3163 scribere,
651 3084 729 3162 quod
750 3083 921 3143 adverbium
940 3101 1010 3143 sane
1028 3085 1138 3142 mirum

130 3189 234 3231 rursus
258 3174 388 3232 occurrit
410 3190 435 3231 v.
458 3167 537 3252 445,
561 3170 613 3231 ubi
635 3180 681 3232 est
702 3168 845 3232 mirande
867 3167 979 3251 malta,
1002 3189 1055 3251 pro
1080 3189 1137 3249 quo

129 3259 191 3319 Lm.
215 3256 338 3320 miradi
359 3256 465 3335 matta,
484 3258 516 3319 B.
540 3265 570 3319 et
587 3258 640 3318 ΜΓ.
658 3255 812 3320 miracala
829 3255 935 3318 matta.
955 3291 997 3300 -
1015 3255 1081 3320 466
1100 3255 1139 3318 ab

129 3363 221 3409 semaa
241 3342 322 3426 falso
343 3345 425 3408 ratio
448 3349 516 3409 arta
538 3393 599 3428 ...,
621 3364 699 3424 qaae
721 3348 783 3407 tota
800 3343 994 3407 adsensibus
1013 3346 1139 3421 amtast:

44 3513 45 3517 Ἰ
131 3436 229 3497 artant
253 3435 353 3512 inepte
376 3433 434 3504 00.
463 3433 528 3495 edd.
557 3437 687 3495 correxit
708 3433 852 3494 Hoeierus
877 3435 908 3492 in
931 3431 1029 3492 libello
1052 3431 1140 3512 bono,

132 3541 221 3602 quem
244 3521 280 3581 de
303 3538 443 3582 sensuum
462 3522 595 3583 doctrina
618 3540 635 3582 a
653 3521 768 3582 Lucret.
787 3520 805 3580 l.
824 3520 861 3581 lV
879 3526 1001 3581 tractata
1020 3521 1141 3597 scripsit

1063 3833 1232 3851 ...nn-‘-
