2500 3882
131 182 173 246 76
613 183 653 235 ΠΙ

201 348 295 408 usque
318 329 390 391 adeo
412 331 495 408 prius
519 331 618 390 estin
640 328 727 388 nobis
749 329 840 390 multa
863 329 1000 389 ciendum

203 419 315 478 semina
338 416 512 496 corporibus
535 419 644 477 nostris
668 419 699 476 in
721 420 813 478 mixta
835 435 888 497 per
910 424 1006 497 artus,
1098 429 1135 469 313

202 524 289 584 quam
311 505 472 584 primordia
496 508 657 566 sentiscant
679 523 822 566 concussa
845 507 953 566 animai
1096 517 1134 556 313

203 601 232 654 11
255 612 342 672 quam
365 595 397 653 in
419 592 466 652 bis
489 593 651 654 intervallis
673 593 830 654 tuditantia
852 596 969 672 possint

131 697 183 748 191
203 699 378 742 concursare
402 683 481 741 coire
505 688 535 741 et
558 681 714 742 dissultare
737 683 876 742 vicissim.

245 768 283 829 Et
305 770 398 846 magis
421 776 466 829 est
489 771 603 829 animus
625 771 697 830 vitai
719 769 847 830 claustra
870 774 1009 830 coercens

202 864 232 917 et
254 857 452 916 dominantior
475 857 510 916 ad
533 859 623 917 vitam
646 875 734 936 quam
756 860 800 918 vis
824 859 939 917 animai.

202 962 271 1004 nam
294 945 357 1004 sine
380 951 479 1005 mente
503 947 657 1024 animoque
680 948 784 1023 nequit
806 946 937 1006 residere
960 963 1015 1023 per
1037 951 1119 1004 artus

202 1034 345 1111 temporis
369 1035 504 1110 exiguam
525 1040 639 1111 partem
661 1052 730 1112 pars
752 1033 812 1094 ulla
835 1035 957 1113 animai,

131 1136 185 1185 411
204 1120 256 1180 sed
280 1137 378 1181 comes
401 1122 568 1198 insequitur
590 1120 673 1180 facile
698 1129 728 1181 11
751 1121 876 1181 discedit
897 1124 929 1181 in
952 1137 1038 1181 auras

202 1216 233 1269 et
255 1207 367 1287 gelidos
390 1214 471 1269 artus
494 1211 526 1268 in
548 1208 600 1268 leti
623 1209 732 1286 frigore
755 1209 870 1288 linquit.

203 1304 233 1358 at
254 1303 353 1357 manet
374 1299 406 1356 in
428 1299 487 1357 rita
510 1298 559 1357 cui
579 1314 665 1357 mens
688 1299 863 1376 animusque
886 1297 1036 1358 remansit.

204 1387 337 1464 quamvis
360 1392 406 1445 est
428 1387 540 1444 circum
563 1387 657 1444 caesis
680 1383 759 1445 lacer
781 1385 912 1465 undique
935 1382 1092 1464 membris,

203 1481 335 1553 truncus,
358 1473 492 1551 adempta
516 1474 629 1532 animae
651 1474 680 1532 vi
703 1491 771 1533 cum
793 1472 993 1551 membrisque
1016 1480 1137 1552 remota,

133 1562 275 1625 41111111
297 1568 327 1619 et
349 1559 494 1620 aetherias
516 1559 612 1620 vitalis
636 1563 760 1640 suscipit
782 1579 881 1621 auras:

204 1650 311 1707 11111
334 1646 523 1727 omnimodis,
547 1656 576 1707 at
598 1664 703 1725 magna
724 1656 808 1727 parte
832 1651 940 1708 animai

204 1737 348 1814 privatus,
371 1741 470 1794 tamen
492 1736 524 1793 in
546 1737 605 1793 vita
628 1745 783 1796 cunctatur
806 1744 836 1797 et
857 1737 971 1816 baeret3

205 1829 250 1902 ut,
272 1821 398 1882 lacerato
422 1821 506 1881 oculo
530 1823 641 1882 circum
665 1825 692 1882 si
712 1824 823 1903 pupula
844 1825 953 1884 mansit

203 1909 373 1989 incolumis,
396 1915 453 1969 stat
475 1910 619 1969 cernundi
640 1912 735 1971 vivata
757 1919 900 1993 potestas,

134 2015 186 2064 111
205 1998 275 2059 dum
297 1997 384 2057 modo
407 2015 444 2057 ne
467 2004 561 2058 totum
584 2016 755 2078 corrumpas
779 2000 899 2061 luminis
922 1998 1024 2059 orbem

205 2093 234 2146 et
257 2088 369 2147 circum
392 2085 496 2147 caedas
519 2088 612 2147 aciem
637 2086 785 2166 solamque
808 2088 972 2166 relinquas:

204 2169 213 2258 d
226 2175 257 2234 id
280 2193 396 2254 quoque
420 2176 499 2234 enim
523 2176 585 2234 sine
609 2177 741 2254 pernicie
763 2193 823 2235 non
846 2171 1060 2253 1111111111]

205 2271 234 2323 at
257 2265 283 2322 si
305 2263 416 2323 tantula
438 2280 507 2341 pars
530 2262 608 2323 oculi
629 2263 726 2323 media
747 2263 797 2323 illa
819 2270 965 2344 peresast,

205 2350 312 2411 occidit
335 2350 480 2429 extemplo
502 2349 603 2411 lumen
624 2350 823 2429 tenebraeque
847 2358 996 2411 secuntur.

134 2454 186 2502 415
204 2437 359 2498 incolumis
383 2440 515 2517 quamvis
539 2437 647 2516 alioqui
670 2437 841 2517 splendidus
864 2438 953 2499 orbis.

203 2525 259 2585 hoc
286 2527 383 2585 anima
410 2532 496 2604 atque
524 2528 639 2586 animus
663 2528 755 2585 vincti
778 2534 847 2587 sunt
869 2526 987 2586 foedere
1012 2544 1137 2605 semper.

247 2612 332 2672 Nunc
355 2630 421 2693 age,
443 2615 557 2672 nativos
581 2613 778 2674 animantibus
802 2621 832 2674 et
853 2613 985 2674 mortalis

204 2719 270 2761 esse
294 2702 407 2760 animos
430 2702 599 2778 animasque
623 2698 695 2761 levis
718 2709 751 2762 ut
772 2720 895 2762 noscere
917 2703 1029 2783 possis,

204 2790 369 2868 conquisita
392 2788 442 2848 diu
466 2787 603 2867 dulcique
625 2795 742 2868 reperta
764 2789 864 2850 labore

134 2895 185 2946 420
205 2879 291 2957 digna
314 2884 364 2938 tna
385 2895 506 2955 pergam
529 2877 686 2956 disponere
709 2881 840 2938 carmina
862 2897 940 2939 cura.

203 2975 237 3028 tu
260 2967 304 3027 iac
327 2972 484 3044 utrumque
507 2984 566 3025 uno
590 2965 644 3026 sub
667 2968 771 3044 iungas
794 2969 913 3026 nomine
937 2984 1040 3027 eorum

205 3063 292 3134 atque
315 3056 443 3114 animam
464 3052 548 3113 verbi
570 3071 658 3114 causa
680 3071 747 3114 cum
771 3053 870 3114 dicere
891 3072 1026 3134 pergam,

204 3142 357 3203 mortalem
380 3160 445 3202 1111
469 3141 587 3222 docens,
610 3143 740 3202 animum
763 3159 878 3220 quoque
902 3141 1000 3201 dicere
1025 3142 1140 3221 credas,

204 3237 348 3307 quatenus
372 3237 418 3290 est
440 3248 533 3290 unum
555 3231 633 3289 inter
656 3247 687 3289 se
711 3231 925 3307 coniunctaque
948 3247 997 3288 res
1021 3237 1075 3289 est

134 3332 184 3380 411
247 3315 396 3395 Principio
420 3321 557 3396 quoniam
579 3325 699 3377 tenuem
721 3323 855 3377 constare
879 3318 1001 3376 minutis

204 3402 377 3480 corporibus
401 3405 489 3466 docui
510 3405 660 3483 multoque
683 3403 848 3464 minoribus
871 3421 936 3464 esse

202 3490 358 3568 principiis
381 3491 486 3552 factam
510 3511 597 3572 quam
619 3492 749 3570 liquidus
772 3508 857 3551 umor
880 3493 966 3567 aquai
