2512 3874
550 247 555 258 '
587 251 635 305 VI‘
1048 253 1111 318 173

154 415 225 456 nam
247 397 322 457 bene
347 399 398 475 qui
420 397 551 458 didicere
573 399 646 460 deos
669 417 808 461 secmum
833 418 920 479 agere
943 418 1058 482 aevom,
1085 423 1111 464 aa

155 487 183 544 si
205 491 304 544 tamen
326 487 439 545 interea
462 488 609 547 mirantur
632 506 688 566 qua
711 490 825 548 ratione

100 579 138 630 60
156 591 290 651 quaeque
314 575 378 651 geri
399 576 528 654 possint,
550 578 725 653 praesertim
748 575 838 636 rebus
862 578 893 637 in
916 576 974 636 illis
1084 601 1111 640 so

155 678 230 739 quae
256 678 363 739 supera
385 669 473 739 caput
495 662 635 722 aetheriis
659 670 821 724 cernuntur
843 666 874 724 in
897 667 972 745 oris,

100 764 134 812 oo
154 767 261 808 rursus
284 751 315 807 in
338 751 472 827 antiquas
495 750 667 812 referuntur
688 749 842 830 religionis

155 843 186 896 et
208 837 343 897 dominos
366 839 443 897 acris
466 838 648 921 adsciscunt,
671 842 769 899 omnia
791 858 879 918 posse

155 943 230 1003 quos
252 927 356 985 miseri
379 924 515 1006 credunt,
538 929 634 1005 ignari
657 927 729 1005 quid
753 935 840 1006 queat
864 946 942 1010 esse,

100 1019 136 1068 65
154 1012 226 1090 quid
250 1020 389 1093 nequeat,
412 1013 494 1073 finita
517 1021 647 1092 potestas
670 1015 799 1094 denique
822 1018 928 1094 cuique

155 1118 282 1179 quanam
305 1103 343 1161 sit
366 1103 479 1161 ratione
503 1101 590 1181 atque
614 1102 671 1162 alte
694 1105 839 1164 terminus
861 1104 1000 1186 haerens3

100 1205 133 1252 oo
154 1207 213 1267 quo
236 1190 329 1266 magis
352 1198 485 1250 errantes
508 1208 595 1250 caeca
617 1193 731 1251 ratione
751 1191 895 1252 feruntur.

91 1287 94 1292 '
154 1295 229 1355 quae
251 1278 310 1337 nisi
332 1279 449 1355 respuis
472 1295 508 1337 er
531 1280 629 1338 animo
652 1278 797 1358 longeque
820 1282 947 1341 remittis

153 1365 200 1424 dis
222 1364 343 1443 indigna
365 1372 469 1443 putare
493 1365 646 1444 alienaque
669 1370 751 1445 pacis
773 1385 890 1449 eonem,

99 1458 135 1508 70
152 1450 280 1512 delibata
302 1451 390 1512 deum
413 1471 467 1531 per
489 1461 518 1514 te
540 1453 596 1514 tibi
618 1457 740 1515 numina
763 1463 863 1517 sancta

153 1557 241 1618 saepe
264 1539 402 1620 oberunt3
425 1558 485 1601 non
508 1560 566 1619 quo
589 1541 692 1603 violari
716 1561 829 1604 summa
852 1543 940 1604 deum
963 1546 1007 1604 vis

98 1643 133 1694 ἰο
151 1629 259 1708 possit,
281 1633 315 1688 ut
337 1645 373 1688 ex
396 1631 440 1688 ira
462 1647 572 1707 poenas
594 1637 696 1708 petere
719 1630 833 1691 inbibat
855 1634 945 1713 acris,

151 1715 205 1776 sed
229 1717 296 1794 quia
318 1722 382 1776 tute
405 1715 459 1776 tibi
482 1717 595 1796 placida
618 1736 685 1778 cum
708 1736 780 1797 pace
804 1721 919 1798 quietos

151 1806 314 1864 constitues
337 1822 459 1882 magnos
482 1808 593 1866 irarum
615 1806 731 1867 volvere
754 1807 875 1889 lluctus,

97 1897 133 1949 ⁷5
150 1910 206 1951 nec
230 1891 351 1952 delubra
374 1891 462 1952 deum
485 1893 599 1972 placido
623 1914 690 1955 cum
713 1903 833 1974 pectore
856 1895 964 1977 adibis,

150 1997 206 2040 nec
230 1979 265 2039 de
290 1998 412 2059 corpore
437 1989 636 2059 quae·sancto
660 1983 815 2044 simulacra
838 1983 974 2044 feruntur

98 2085 131 2133 rs
151 2069 183 2127 in
205 2075 320 2128 mentes
342 2069 495 2128 hominum
518 2069 634 2129 divinae
657 2073 759 2130 nuntia
781 2070 906 2150 formae,

151 2159 302 2234 suscipere
325 2155 398 2216 baec
421 2159 512 2216 animi
534 2157 692 2236 tranquilla
714 2175 786 2236 pace
810 2156 928 2218 valebis.

64 2279 69 2288 ·
150 2243 219 2303 inde
242 2243 342 2303 ridere
365 2243 435 2304 licet
458 2243 553 2322 qualis
575 2247 634 2304 iam
656 2247 715 2305 vita
738 2241 886 2322 sequatur.

96 2337 135 2388 80
151 2350 239 2409 quam
263 2331 382 2410 quidem
404 2339 476 2392 uta
499 2331 585 2393 nobis
607 2335 682 2392 ratio
705 2334 859 2392 verissima
881 2332 967 2413 longe

149 2421 265 2501 reiciat,
289 2437 466 2498 quamquam
490 2428 559 2481 sunt
581 2439 598 2480 a
620 2439 667 2480 me
690 2420 781 2481 multa
803 2421 948 2502 prolecta,

96 2522 131 2570 80
149 2505 241 2567 multa
264 2515 364 2567 tamen
386 2515 499 2568 restant
521 2516 551 2568 et
573 2516 644 2569 sunt
665 2509 795 2570 ornanda
818 2509 917 2587 politis

148 2594 296 2656 versibus:
320 2603 365 2655 est
387 2599 462 2656 ratio
487 2596 561 2657 caeli
583 2596 729 2675 nubisque
752 2597 901 2680 ponenda,

149 2690 218 2743 sunt
240 2690 431 2762 tempestates
454 2692 484 2744 et
506 2684 628 2745 fulmina
651 2685 729 2745 clara
752 2685 895 2766 canenda,

96 2774 133 2826 85
150 2773 200 2849 qui
223 2771 296 2831 liant
318 2779 348 2830 et
370 2790 427 2850 qua
450 2772 487 2832 de
511 2791 598 2833 causa
621 2791 747 2851 cumque
770 2773 916 2855 ferantur3

148 2876 185 2917 ne
208 2858 339 2937 trepides
362 2859 436 2919 caeli
458 2859 560 2920 divisis
583 2860 717 2939 partibus
740 2879 854 2942 amens,
880 2915 884 2924 .

97 2959 128 3008 85
147 2945 226 3005 unde
249 2945 349 3006 volans
372 2949 450 3024 ignis
472 2951 642 3026 pervenerit
664 2955 715 3009 aut
737 2951 768 3008 in
790 2956 887 3009 utram
911 2967 942 3010 se

147 3036 269 3093 verterit
292 3034 361 3094 binc
383 3037 504 3114 partim,
528 3053 585 3113 quo
608 3043 692 3114 pacto
716 3055 770 3114 per
793 3036 856 3097 loca
879 3045 963 3115 septa

147 3123 320 3201 insinuarit,
343 3128 373 3181 et
395 3123 465 3182 binc
487 3123 654 3183 dominatus
677 3131 710 3184 ut
733 3122 873 3184 extulerit
895 3142 936 3184 se.

95 3216 131 3267 90
147 3227 273 3288 quorum
296 3227 419 3288 operum
444 3229 547 3270 causas
569 3211 649 3271 nulla
672 3213 784 3271 ratione
808 3211 907 3271 videre

146 3304 271 3376 possunt
294 3316 328 3357 ac
350 3298 416 3358 fieri
439 3298 538 3358 divino
561 3301 682 3359 numine
705 3305 817 3359 rentur.

97 3401 129 3449 90
145 3393 178 3446 tu
200 3385 274 3446 mibi
298 3403 453 3464 supremae
475 3389 657 3465 praescripta
680 3387 716 3447 ad
740 3386 863 3447 candida
886 3388 976 3450 calcis

146 3476 278 3534 currenti
301 3476 428 3553 spatium
452 3482 668 3555 praemonstra,
691 3474 793 3537 callida
817 3494 902 3536 musa

358 3559 415 3639 [56
435 3560 492 3641 su
509 3587 549 3612 =
565 3559 607 3623 98
626 3581 669 3640 sl·
689 3556 748 3645 <⁹0
767 3556 833 3646 sn·
