2512 3874
101 254 164 318 164
540 323 544 331 ,
587 255 614 309 V

100 421 168 469 1195
185 402 236 462 illa
258 420 375 481 quoque
399 403 636 481 expergefactum
660 409 748 482 caput
770 403 886 479 erigere
909 401 988 479 infit,

187 508 224 550 ne
248 509 322 568 quae
346 491 422 550 forto
446 489 534 550 deum
557 490 642 552 nobis
666 494 801 551 inmensa
823 495 954 567 potestas

187 581 238 659 sit,
260 581 341 638 vario
365 584 447 638 motu
470 596 544 656 quae
568 579 691 639 candida
715 579 814 639 sidera
836 583 946 637 verset:
1054 601 1113 640 raro

185 673 310 745 temptat
332 669 412 726 enim
435 665 553 726 dubiam
576 674 705 728 mentem
729 667 853 726 rationis
876 672 1025 745 egestas,¹

98 761 173 813 1210
187 772 372 833 ecquaenam¹
389 754 479 814 fuerit
501 754 604 814 mundi
626 753 763 833 genitalis
787 756 890 848 orig04

99 858 167 908 1200
187 849 216 902 ot
239 841 326 902 simul
349 860 459 920 ecquae
482 844 521 902 sit
543 843 626 923 finis,
649 842 743 921 quoad
767 843 884 902 moenia
906 840 1011 901 mundi

186 929 305 990 solliciti
327 936 424 990 motus
447 929 526 990 hunc
548 933 665 1008 possint
686 931 764 990 lerre
787 929 932 1009 laborem,

186 1036 223 1078 an
247 1017 387 1078 divinitus
411 1024 529 1078 aeterna
552 1017 659 1077 donata
683 1017 776 1078 salute
1055 1040 1112 1080 121⁵

185 1112 328 1185 perpetuo
350 1108 467 1184 possint
489 1107 552 1165 aevi
574 1104 704 1165 labentia
725 1111 822 1165 tractu

97 1201 171 1252 1215
184 1195 313 1254 inmensi
334 1193 443 1254 validas
467 1195 530 1253 aevi
553 1200 743 1254 contemnere
766 1195 846 1254 viris.

100 1298 167 1348 1205
186 1288 339 1361 praeterea
361 1284 410 1342 oui
432 1299 491 1342 non
514 1283 629 1341 animus
652 1281 810 1341 formidine
833 1281 933 1340 divum

187 1369 382 1449 contrahitur,
406 1371 537 1452 coinon
560 1376 720 1448 correpunt
742 1367 875 1430 membra
897 1385 1019 1448 pavore,

186 1457 318 1518 fulminis
340 1456 476 1517 horribili
498 1475 567 1517 oum
589 1456 673 1536 plaga
695 1457 807 1517 torrida
830 1455 917 1516 tellus
1054 1479 1111 1519 reso

186 1547 344 1606 contremit
366 1552 396 1605 et
418 1563 556 1623 magnum
577 1550 757 1624 percurrunt
778 1562 931 1604 murmura
954 1541 1093 1606 caelum?

99 1640 244 1693 1220non
266 1632 368 1711 populi
391 1639 553 1712 gentesque
576 1639 720 1712 tremunt,
743 1650 888 1711 regesque
912 1632 1034 1710 superbi

101 1738 168 1802 1210
187 1721 353 1797 corripiunt
375 1720 475 1779 dirum
497 1722 631 1798 percussi
654 1718 786 1780 membra
809 1722 929 1800 timore,

186 1807 296 1885 nequid
320 1806 357 1866 ob
381 1807 542 1866 admissum
565 1808 649 1868 foede
674 1808 821 1868 dictumve
846 1806 972 1887 superbe

187 1912 349 1974 poenarum
367 1913 453 1973 grave
478 1897 517 1955 sit
540 1895 672 1955 solvendi
694 1903 812 1974 tempus
835 1892 989 1956 adultum?
1054 1921 1111 1961 ress

188 2001 301 2044 summa
324 1985 413 2043 etiam
436 2001 503 2042 oum
526 1985 570 2043 vis
593 1983 714 2044 violenti
735 2002 790 2063 per
812 2002 894 2044 mare
916 1986 996 2044 renti

100 2078 177 2140 1225
187 2071 427 2150 induperatorem
449 2070 547 2131 classiv
560 2089 651 2150 super
674 2089 802 2150 aequora
824 2074 917 2132 verrit

101 2178 168 2226 1215
187 2178 255 2220 oum
277 2158 381 2219 validis
403 2160 515 2237 pariter
537 2158 703 2238 legionibus
727 2167 814 2238 atque
838 2159 1015 2242 elephantis,

186 2265 247 2308 non
270 2247 367 2307 divom
389 2264 493 2324 pacem
514 2250 590 2306 rotis
614 2247 675 2307 adit
697 2265 731 2307 ac
753 2264 843 2325 prece
867 2249 982 2325 quaesit

185 2342 340 2395 ventorum
363 2333 485 2413 pavidus
507 2353 595 2412 paces
618 2336 789 2412 animasque
813 2335 971 2416 secundas,
1054 2360 1111 2402 troo

186 2425 379 2503 nequiquam,
403 2424 541 2501 quoniam
563 2421 691 2482 violento
714 2421 833 2483 turbine
858 2440 945 2501 saepe

99 2518 173 2569 1230
185 2518 340 2588 correptus
363 2509 423 2570 nilo
447 2510 541 2570 fertur
563 2512 662 2569 minus
685 2509 721 2570 ad
745 2510 817 2570 vada
840 2507 915 2571 leti?

100 2615 169 2663 1220
187 2615 281 2675 usque
306 2598 378 2657 adeo
401 2615 450 2656 res
472 2597 615 2657 humanas
638 2599 682 2656 vis
706 2596 804 2658 abdita
828 2597 971 2676 quaedam

186 2687 296 2764 opterit
318 2692 347 2745 et
369 2684 509 2762 pulchros
532 2685 620 2745 fascis
644 2703 803 2764 saevasque
828 2703 948 2746 secures

186 2771 358 2852 proculcare
382 2791 416 2832 ao
438 2771 567 2833 ludibrio
591 2772 649 2833 sibi
672 2772 781 2833 habere
804 2773 929 2834 videtur.
1054 2799 1111 2838 1100

187 2861 314 2940 denique
339 2858 393 2920 sub
416 2859 542 2938 pedibus
565 2859 653 2921 tellus
677 2880 745 2920 cum
767 2868 828 2922 tota
850 2860 966 2921 vacillat

99 2956 174 3006 1235
186 2966 405 3025 concussaeque
428 2947 537 3008 cadunt
559 2948 649 3008 urbes
674 2948 839 3026 dubiaeque
862 2951 1025 3030 minantur,

101 3050 168 3100 1221
188 3036 258 3116 quid
281 3038 403 3116 mirum,
427 3037 453 3095 si
477 3053 507 3094 se
530 3042 667 3097 temnunt
689 3036 823 3097 mortalia
847 3037 942 3097 saecla

187 3131 275 3202 atque
298 3126 453 3201 potestatis
475 3140 596 3200 magnas
619 3127 767 3202 mirasque
791 3123 965 3204 relinquunt

118 3209 121 3217 “
188 3213 219 3269 in
242 3209 331 3270 rebus
354 3212 426 3270 viris
449 3210 562 3289 dirum,
585 3229 659 3289 quae
683 3219 788 3272 cuncta
812 3210 999 3290 gubernent?
1056 3237 1112 3278 1240

232 3296 316 3366 Quod
327 3305 471 3377 superest,
482 3315 531 3357 aes
540 3304 627 3376 atque
635 3300 918 3378 aurumferrumque
926 3309 1112 3381 repertumst

102 3389 219 3442 124001
242 3383 330 3442 simul
353 3387 467 3461 argenti
489 3384 604 3463 pondus
627 3385 800 3466 plumbique
823 3395 969 3471 potestas,

102 3485 170 3534 1230
189 3470 266 3545 ignis
289 3469 342 3529 ubi
363 3473 477 3550 ingenti
501 3471 587 3532 silvas
611 3473 717 3534 ardore
741 3483 886 3536 cremarat

188 3553 338 3615 montibus
362 3559 393 3616 in
415 3561 542 3640 magnis,
567 3579 620 3621 seu
642 3561 716 3622 caeli
739 3563 860 3623 fulmine
883 3568 989 3648 misso,
