2500 3882
106 205 147 270 88
590 205 631 259 111

175 350 249 414 adde
273 351 351 429 quod
370 352 402 411 in
424 352 524 428 nigras
548 349 674 429 lethargi
695 351 841 428 mergitur
863 351 966 412 undas.

220 437 268 498 Nil
291 440 383 517 igitur
405 457 485 498 mors
505 445 551 498 est
568 438 604 498 ad
624 457 678 499 nos
696 456 794 516 neque
812 441 943 517 pertinet
960 438 1064 521 hilum,
1078 463 1123 504 sao

177 526 415 606 quandoquidem
437 532 543 587 natura
566 529 657 586 animi
679 525 813 586 mortalis
835 525 970 587 habetur.

106 622 206 681 secet
228 613 308 674 velut
331 621 399 674 ante
423 620 487 674 acto
510 613 553 674 nil
576 621 709 693 tempore
734 615 881 674 sensimus
905 617 999 695 aegri,

107 719 158 768 eto
177 702 213 763 ad
236 701 454 780 confligendum
475 702 663 762 venientibus
687 702 818 780 undiquc
841 700 962 782 Poenis,

177 792 275 850 omnia
298 801 365 850 cum
387 789 458 849 belli
481 790 597 868 trepido
621 807 765 849 concussa
788 789 918 850 tumultu

176 871 297 937 horrida
319 883 525 937 contremuere
549 876 604 938 sub
628 877 694 938 altis
718 876 847 937 aetheris
870 879 943 958 oris,
1045 914 1047 917 ·
1079 901 1123 942 sss

177 968 209 1025 in
232 964 381 1043 dubioque
405 965 487 1025 luere
510 970 646 1026 utrorum
669 964 705 1024 ad
728 982 819 1043 regna
844 965 1008 1025 cadendum

107 1068 162 1120 835
177 1052 314 1113 omnibus
336 1053 474 1113 humanis
497 1060 577 1113 esset
598 1059 737 1131 terraque
758 1054 905 1134 marique,

107 1157 158 1206 8³5
179 1143 235 1221 sic,
258 1140 310 1201 ubi
333 1159 393 1200 non
416 1143 541 1221 erimus,
564 1158 631 1201 cum
655 1142 788 1220 corporis
811 1147 899 1219 atquc
921 1143 1031 1206 animai

179 1228 336 1289 discidium
360 1229 464 1309 luerit,
487 1228 595 1307 quibus
619 1247 635 1288 e
659 1247 761 1288 sumus
784 1231 883 1288 uniter
906 1232 980 1310 apti,

179 1316 302 1397 scilicet,
323 1317 402 1378 haud
420 1315 507 1377 nobis
527 1318 694 1396 quicquam,
712 1318 764 1394 qui
783 1334 843 1376 non
861 1319 973 1379 crimus
991 1324 1065 1399 tum,
1080 1341 1125 1382 seo

180 1405 314 1466 accidere
338 1407 458 1465 omnino
480 1406 592 1483 poterit
614 1422 794 1482 sensumque
817 1422 949 1486 movere,

108 1508 164 1558 840
180 1510 239 1553 non
263 1495 289 1553 si
311 1499 390 1552 terra
413 1495 488 1553 mari
510 1491 685 1552 miscebitur
707 1499 738 1552 et
759 1510 841 1552 mare
865 1492 954 1553 caelo.

57 1637 61 1650 .
110 1595 161 1645 840
179 1573 187 1663 ll
202 1588 232 1641 et
255 1583 281 1640 si
304 1583 362 1640 iam
384 1586 486 1640 nostro
510 1583 601 1640 sentit
624 1580 660 1640 de
684 1597 808 1658 corpore
831 1587 988 1659 postquam

180 1669 349 1728 distractast
372 1670 464 1727 animi
486 1675 591 1728 natura
613 1669 787 1746 animaeque
809 1675 954 1750 potestas,

179 1754 222 1815 nil
244 1761 344 1815 tamen
366 1762 412 1815 est
435 1753 471 1814 ad
493 1772 562 1834 nos,
585 1756 636 1832 qui
659 1762 779 1834 comptu
802 1759 998 1836 coniugioque
1080 1781 1124 1822 ses

180 1844 314 1921 corporis
337 1849 424 1920 atquc
447 1844 561 1902 animae
580 1844 771 1903 consistimus
794 1846 895 1904 uniter
917 1847 986 1923 apti.

110 1945 165 1998 845
181 1949 250 2010 nec,
275 1932 302 1990 si
323 1931 477 1994 materiem
500 1938 631 1990 nostram
654 1929 806 2010 collegerit
829 1939 908 1992 aetas

110 2034 162 2084 845
180 2024 249 2098 post
271 2017 384 2078 obitum
407 2035 584 2097 rursumque
607 2018 758 2096 redegerit
780 2025 813 2079 ut
836 2022 891 2079 sita
914 2038 992 2080 nunc
1015 2027 1075 2101 est,

182 2113 268 2185 atque
291 2107 401 2166 iterum
423 2105 509 2166 nobis
532 2106 643 2167 luerint
666 2107 733 2166 data
755 2106 866 2168 lumina
889 2109 978 2188 vitae,

180 2196 328 2275 pertineat
346 2195 503 2273 quicquam
520 2200 620 2254 tamen
638 2193 674 2254 ad
693 2211 748 2254 nos
766 2195 797 2255 id
816 2213 933 2274 quoquc
947 2196 1067 2277 iactum,
1080 2219 1126 2260 eso

181 2285 346 2360 interrupta
370 2281 462 2342 semel
485 2299 552 2342 cum
576 2285 615 2341 sit
638 2285 801 2360 repetentia
825 2286 929 2343 nostri.

110 2386 167 2437 850
180 2377 211 2430 et
232 2388 311 2430 nunc
334 2369 377 2429 nil
400 2369 435 2430 ad
459 2387 514 2429 nos
537 2369 573 2429 de
597 2368 683 2429 nobis
707 2373 825 2451 attinet,
849 2378 916 2432 ante

4 2519 7 2526 ,
112 2474 163 2524 850
182 2459 234 2536 qui
256 2458 378 2538 luimuS,
400 2475 496 2536 raeque
518 2459 577 2517 iam
600 2457 636 2516 de
660 2455 718 2528 illis
741 2476 796 2518 nos
820 2459 920 2519 adficit
941 2476 1042 2537 angor.

181 2562 250 2605 nam
273 2562 339 2604 cum
363 2547 505 2623 respicias
529 2546 658 2604 inmensi
680 2548 823 2625 temporis
847 2564 933 2606 omne

181 2634 374 2711 praeteritum
397 2635 538 2713 spatium,
560 2639 624 2692 tum
647 2639 744 2693 motus
768 2637 903 2694 materiai
1081 2657 1128 2698 sss

181 2719 363 2780 multimodis
387 2738 474 2797 quam
498 2721 570 2799 sint,
592 2718 679 2780 facile
702 2720 757 2780 hoc
780 2722 941 2783 adcredere
963 2723 1074 2803 possis,

111 2823 167 2876 855
183 2811 294 2868 semina
319 2825 405 2885 saepe
424 2809 456 2868 in
475 2807 588 2888 eodem,
611 2814 645 2868 ut
662 2826 741 2869 nunc
761 2817 839 2890 sunt,
862 2811 966 2871 ordine
983 2817 1068 2890 posta
1082 2831 1127 2874 ssa

113 2913 164 2964 see
182 2897 255 2958 haec
274 2895 386 2974 eadem,
409 2893 516 2973 quibus
535 2914 551 2955 e
570 2913 650 2956 nunc
667 2914 722 2956 nos
742 2915 854 2978 sumus,
877 2904 943 2958 ante
963 2899 1069 2958 luisse:
1082 2921 1128 2962 eos
1148 2934 1153 2944 ·

182 3002 237 3045 nec
260 2984 385 3044 memori
406 2989 505 3043 tamen
528 2983 558 3042 id
582 2986 701 3062 quimus
719 2985 938 3064 reprehendere
957 2993 1070 3046 mente:
1083 3007 1127 3050 sos

182 3075 261 3131 inter
284 3073 363 3132 enim
386 3072 492 3131 iectast
513 3073 584 3132 vitai
606 3090 710 3152 pausa,
732 3090 863 3151 vageque

183 3159 359 3219 deerrarunt
380 3161 492 3238 passim
515 3167 613 3220 motus
637 3158 674 3220 ab
698 3160 835 3220 sensibus
859 3178 969 3222 omnes.
987 3157 998 3240 ΙΙ
1084 3185 1128 3226 seo

113 3262 170 3314 000
184 3245 272 3306 debet
294 3249 387 3327 enim,
409 3249 520 3308 misere
544 3249 570 3308 si
593 3248 669 3308 forte
693 3265 840 3327 aegreque
863 3250 1037 3329 futurumst,

114 3351 165 3401 seo
184 3335 248 3413 ipsc
267 3351 383 3412 quoque
403 3353 469 3395 csse
488 3337 520 3396 in
534 3353 569 3396 eo
583 3342 648 3396 tum
660 3343 805 3418 tempore,
824 3339 873 3396 cui
886 3337 962 3398 male
976 3338 1072 3417 possit
1084 3360 1129 3401 eos

185 3420 332 3481 accidere:
354 3422 385 3481 id
409 3425 548 3501 quoniam
571 3442 652 3484 mors
676 3426 791 3505 eximit,
815 3443 940 3505 esseque
962 3425 1069 3506 probet

134 3511 136 3517 “
183 3507 266 3568 illum
290 3509 339 3568 cui
361 3512 477 3585 possint
499 3512 685 3573 incommoda
708 3511 874 3594 conciliari,
1087 3536 1131 3577 sse
