2500 3882
94 223 136 290 to
573 225 613 278 ΠΙ

162 379 192 433 et
213 379 311 432 tamen
334 373 501 449 insequitur
522 370 646 450 languor
667 379 823 450 terraeque
846 373 956 450 petitus

163 460 253 539 segni'
276 460 322 540 fit,
344 461 458 519 interea
479 461 588 519 mentis
611 461 662 537 qui
684 462 815 538 gignitur
838 467 937 521 aestus

162 548 368 626 interdumque
392 547 477 625 quasi
499 547 677 626 exsurgendi
699 550 813 609 incerta
835 545 991 608 voluntas?

94 652 143 702 175
163 653 233 715 ergo
256 651 427 714 corpoream
449 641 584 695 naturam
606 637 696 695 animi
719 653 785 696 esse
808 643 973 716 necessest,

163 725 314 803 corporeis
337 725 475 802 quoniam
497 721 565 782 telis
588 725 707 803 ictuque
730 722 851 784 laborat.

206 811 235 871 ls
257 810 313 871 tibi
334 828 414 871 nunc
436 812 551 871 animus
575 811 654 890 quali
677 813 717 871 sit
739 829 863 890 corpore
886 819 916 872 et
938 811 1017 872 unde

163 900 329 960 constiterit
350 916 471 976 pergam
493 901 639 959 rationem
661 899 787 960 reddere
810 899 906 960 dietis.

163 988 310 1066 principio
333 1004 399 1046 esse
422 987 468 1046 aio
490 986 684 1066 persuptilem
706 994 793 1065 atque
813 989 937 1048 minutis

95 1090 144 1141 180
162 1093 305 1154 perquam
328 1074 502 1152 corporibus
525 1074 633 1134 factum
657 1082 800 1136 constare.
836 1074 867 1135 id
890 1077 932 1136 ita
954 1093 1021 1136 esse

163 1163 232 1223 hinc
254 1162 324 1224 licet
346 1161 479 1222 advertas
502 1163 632 1222 animum
655 1169 689 1222 ut
711 1180 889 1242 pernoscere
912 1165 1019 1241 possis.

163 1251 205 1311 nil
228 1250 300 1311 adeo
324 1250 389 1310 lieri
411 1249 501 1310 celeri
523 1251 637 1310 ratione
660 1247 799 1331 videtur,l

133 1359 136 1372 ⁴
164 1357 252 1418 quam
275 1339 332 1399 sibi
353 1355 437 1398 mens
460 1338 526 1398 fieri
547 1341 686 1417 proponit
708 1347 738 1399 et
760 1339 878 1400 inchoat
900 1340 977 1417 ipsa:

165 1429 247 1488 ocius
270 1445 340 1505 ergo
363 1427 478 1486 animus
502 1444 588 1504 quam
611 1444 659 1487 res
682 1445 714 1488 se
736 1429 851 1505 perciet
872 1425 946 1507 ulla,

96 1531 146 1580 185
165 1523 232 1576 ante
256 1515 356 1575 oculos
380 1532 505 1593 quorum
529 1516 559 1574 in
582 1522 719 1594 promptu
742 1522 847 1575 natura
869 1514 998 1575 videtur:

165 1610 194 1663 at
216 1602 294 1681 quod
317 1601 424 1662 mobile
447 1609 528 1663 tanto
551 1609 683 1682 operest,
705 1609 841 1664 constare
863 1602 1000 1664 rutrmdis

165 1707 307 1769 perquam
330 1688 493 1749 seminibus
516 1689 603 1750 debet
624 1708 827 1769 perquamque
849 1693 985 1771 minutis,

165 1779 293 1837 momine
316 1779 361 1837 uti
382 1794 471 1854 parvo
493 1779 609 1854 possint
630 1777 746 1856 inpulsa
766 1781 886 1840 moveri.

166 1859 175 1948 ll
188 1882 313 1943 namque
336 1871 470 1924 movetur
493 1882 567 1942 aqua
589 1872 620 1925 et
641 1865 755 1926 tantillo
776 1869 905 1928 momine
929 1867 1025 1949 tlutat,

97 1970 147 2019 190
166 1955 274 2033 quippe
297 1951 474 2012 volubilibus
496 1955 653 2032 parvisque
677 1961 775 2014 creata
797 1955 908 2033 figuris.

166 2048 195 2102 at
218 2047 319 2102 eontra
341 2039 437 2100 mellis
460 2042 641 2100 constantior
663 2049 709 2102 est
730 2049 835 2103 natura

167 2139 196 2191 et
217 2131 296 2208 pigri
318 2128 420 2189 latices
443 2129 536 2206 magis
559 2135 590 2188 et
611 2132 796 2190 cunctantior
819 2137 915 2191 actus:

165 2219 267 2280 haeret
289 2220 369 2278 enim
391 2219 470 2277 inter
492 2234 524 2276 se
546 2218 640 2294 magis
663 2220 759 2278 omnis
781 2220 916 2304 materiai

167 2310 263 2388 copia,
286 2308 439 2386 nimirum,
463 2306 613 2383 quianon
635 2311 695 2366 tam
718 2304 832 2367 levibus
855 2314 936 2367 extat

98 2409 148 2459 195
167 2394 340 2474 corporibus
363 2411 459 2473 neque
482 2399 541 2453 tam
565 2393 723 2472 suptilibus
746 2401 833 2473 atque
856 2394 1001 2456 rutundis.
1019 2391 1030 2475 ΙΙ

166 2501 292 2561 namque
315 2483 469 2561 papaveris
492 2499 562 2541 aura
584 2487 683 2559 potest
706 2500 848 2561 suspensa
871 2482 1002 2561 levisque

167 2588 272 2649 cogere
295 2577 328 2630 ut
351 2570 386 2631 ab
410 2585 524 2630 summo
547 2568 603 2629 tibi
625 2569 740 2630 diltluat
762 2570 838 2632 altus
862 2589 998 2651 acervus,

167 2666 197 2718 at
219 2663 321 2718 contra
343 2656 473 2736 lapidum
497 2656 662 2718 conlectum
682 2661 888 2737 spicarumque

166 2763 264 2807 noenu
286 2751 392 2823 potest.
428 2747 519 2824 igitur
540 2747 714 2824 parvissima
736 2765 860 2824 corpora
882 2763 1027 2826 proquam

96 2851 148 2901 200
167 2842 196 2896 et
218 2834 368 2894 levissima
391 2840 473 2913 sunt,
496 2835 534 2893 ita
558 2831 720 2894 mobilitate
744 2834 898 2895 fruuntur:

166 2931 196 2984 at
218 2928 320 2984 contra
344 2939 418 3000 quae
441 2938 566 2998 cumque
588 2923 682 2999 magis
705 2940 773 2982 cum
795 2922 925 3002 pondera
948 2940 1054 3002 magno

167 3028 328 3090 asperaque
349 3010 554 3088 inveniuntur,
577 3025 612 3068 eo
636 3009 763 3070 stabilita
785 3013 879 3089 magis
903 3018 981 3072 sunt.

166 3117 245 3160 nunc
267 3101 359 3178 igitur
382 3099 550 3177 quoniamst
572 3099 663 3156 animi
684 3104 789 3158 natura
811 3106 929 3177 reperta

166 3187 283 3248 mobilis
307 3189 437 3268 egregie,
460 3203 603 3266 perquam
626 3194 760 3247 constare
784 3194 935 3248 necessest

96 3292 147 3342 205
167 3275 341 3356 corporibus
363 3278 461 3354 parvis
485 3281 515 3336 et
537 3271 651 3333 levibus
674 3279 761 3352 atque
785 3274 930 3335 rutundis.

167 3381 241 3442 quae
263 3362 318 3424 tibi
341 3365 457 3440 cognita
479 3379 529 3422 res
552 3363 583 3420 in
605 3359 720 3441 multis,
743 3379 760 3421 o
783 3361 873 3443 bone,
896 3361 986 3424 rebus

167 3448 248 3509 utilis
272 3451 439 3510 invenietur
461 3456 491 3510 et
514 3454 678 3526 opportuna
702 3448 819 3511 cluebit.

167 3535 239 3595 haec
262 3552 379 3613 quoquc
402 3555 450 3598 res
474 3539 562 3598 etiam
585 3542 719 3597 naturam
743 3537 859 3599 dedicat
881 3541 960 3620 eius,
