2512 3874
605 277 631 332 V
659 272 661 277 ’
1057 275 1120 341 133

164 440 221 482 nec
243 440 330 501 posse
353 422 511 484 incolumis
533 441 673 501 magnum
695 423 802 485 durare
823 443 879 503 per
901 443 1016 507 aevom,

165 509 218 570 sed
241 509 399 571 simulacra
422 509 517 570 solere
541 513 573 570 in
596 513 707 572 somnis
730 511 831 572 fallere
853 520 996 595 mentem,

165 615 289 659 eernere
313 616 381 658 eum
403 598 556 659 videamur
579 616 646 660 eum
670 617 758 677 quem
780 601 839 658 vita
862 599 996 681 reliquit,

167 685 245 764 quod
269 693 417 766 superest,
440 704 519 746 nune
541 685 600 747 hue
622 689 746 748 rationis
769 685 874 747 detulit
897 688 983 769 ordo,

110 787 147 839 66
165 780 201 833 ut
223 774 296 833 milri
318 773 436 834 mortali
458 776 621 836 consistere
645 792 769 853 corpore
792 775 935 836 mnndum

165 863 353 940 nativomque
372 862 465 922 simul
488 865 563 924 ratio
585 862 738 924 reddunda
761 864 801 924 sit
823 882 903 944 esse3

167 956 198 1011 et
221 949 328 1028 quibus
351 948 400 1010 ille
423 951 520 1011 modis
542 969 719 1029 congressus
741 953 876 1011 materiai

165 1037 299 1098 fundarit
320 1043 431 1098 terram
454 1038 567 1099 eaelum
589 1056 669 1099 mare
693 1039 790 1100 sidera
813 1037 905 1099 solem

166 1125 306 1204 lunaique
330 1124 461 1207 globum3
484 1133 547 1186 tum
570 1145 645 1205 quae
668 1127 774 1188 tellure
799 1129 963 1187 animantes

111 1231 147 1281 70
167 1216 334 1294 extiterint,
357 1221 388 1274 et
410 1232 485 1292 quae
508 1213 589 1274 nullo
613 1217 673 1275 sint
695 1222 828 1294 tempore
851 1222 949 1295 natae,

167 1319 262 1381 quove
284 1301 372 1361 modo
395 1319 489 1380 genus
511 1302 672 1363 humanum
694 1305 825 1363 variante
848 1300 975 1380 loquella

167 1392 300 1468 eoeperit
321 1392 401 1450 inter
424 1407 456 1449 se
478 1392 559 1450 vesei
580 1408 635 1468 per
657 1393 776 1451 nomina
799 1407 912 1470 rerum3

167 1484 198 1538 et
221 1476 328 1556 quihus
347 1476 397 1537 ille
420 1477 515 1538 modis
539 1478 637 1538 divom
660 1486 756 1539 metus
779 1479 938 1538 insinuarit

166 1572 301 1646 pectora,
322 1572 471 1625 terrarum
494 1568 545 1644 qui
567 1568 599 1626 in
621 1565 688 1626 orbi
709 1572 809 1626 saneta
832 1572 933 1626 tuetur

113 1669 147 1718 ⁷6
167 1653 235 1714 lana
257 1652 338 1713 lacus
361 1652 444 1713 lucos
467 1671 532 1714 aras
556 1652 770 1733 simulacraque
793 1654 899 1715 divom.

166 1748 321 1820 praeterea
344 1740 415 1802 solis
438 1760 543 1802 eursns
566 1741 711 1822 lunaeque
734 1749 847 1803 meatus

168 1829 323 1909 expediam
346 1847 404 1907 qua
426 1831 454 1888 vi
476 1830 575 1891 lleetat
597 1838 701 1892 natura
724 1831 905 1912 gubernans,

168 1935 207 1978 ne
230 1918 306 1978 forte
327 1917 401 1978 haee
422 1919 502 1979 inter
524 1918 639 1979 eaelum
660 1926 829 1997 terramque
852 1937 970 1979 reamur

167 2005 261 2065 libera
284 2011 388 2084 sponte
411 2023 465 2066 sua
488 2024 593 2066 cursus
616 2006 742 2066 lustrare
764 2009 917 2086 perennis,

114 2109 149 2161 ao
168 2095 317 2171 morigera
339 2092 375 2153 ad
398 2093 498 2171 fruges
521 2093 670 2171 augendas
693 2100 779 2172 atque
803 2096 971 2174 animantis,

168 2199 243 2243 neve
265 2180 363 2259 aliqua
386 2180 484 2241 divom
506 2180 583 2241 volvi
603 2183 718 2241 ratione
740 2186 886 2259 putemus.

168 2287 237 2331 nam
260 2268 335 2330 hene
358 2271 410 2348 qui
433 2269 563 2330 didicere
586 2269 658 2329 deos
681 2287 819 2329 securum
842 2286 930 2347 agere
953 2287 1066 2351 aevom,

169 2360 196 2418 si
218 2364 317 2418 tamen
339 2359 454 2418 interea
475 2359 622 2418 mirantur
645 2376 702 2436 qua
724 2358 838 2417 ratione

170 2463 304 2524 quaeque
327 2448 391 2523 geri
412 2447 541 2525 possint,
563 2447 739 2524 praesertim
762 2444 852 2505 rebus
875 2444 988 2506 inillis

115 2549 150 2599 85
169 2551 244 2612 quae
268 2551 375 2612 supera
397 2541 485 2611 eaput
507 2533 647 2594 aetheriis
670 2539 833 2594 cernuntur
856 2535 886 2594 in
910 2535 984 2616 oris,

169 2639 274 2682 rursus
297 2623 329 2681 in
351 2622 486 2698 antiquas
508 2621 679 2682 referuntur
701 2621 873 2701 religiones

170 2716 200 2769 et
222 2708 357 2769 dominos
380 2710 457 2769 acris
481 2709 662 2790 adsciscunt,
684 2712 782 2770 omnia
805 2727 892 2789 posse

169 2814 244 2876 quos
268 2798 371 2856 miseri
392 2794 531 2877 eredunt,
553 2799 649 2874 ignari
672 2797 743 2875 quid
766 2805 855 2876 queat
878 2814 957 2878 esse,

169 2885 242 2964 quid
264 2892 404 2964 nequeat,
427 2885 510 2944 linita
532 2891 663 2963 potestas
686 2884 814 2964 denique
838 2887 945 2963 cuique

115 2989 150 3039 90
170 2991 296 3052 quanam
320 2974 359 3032 sit
381 2974 495 3033 ratione
518 2979 606 3051 atque
629 2972 686 3034 alte
710 2975 855 3034 terminus
877 2973 1011 3032 haerens.

213 3059 298 3131 Quod
321 3068 470 3141 superest,
493 3078 530 3121 ne
553 3067 583 3120 te
605 3062 637 3120 in
659 3063 816 3140 promissis
838 3059 923 3138 plura
946 3077 1108 3141 moremur,

167 3150 315 3227 principio
338 3151 431 3208 maria
454 3155 605 3210 aeternas
628 3148 800 3227 caelumque
824 3155 922 3228 tuere3

169 3254 296 3315 quorum
317 3243 454 3298 naturam
475 3235 638 3317 triplicem,
660 3239 718 3298 tria
741 3253 877 3314 corpora,
899 3233 1032 3316 Memmi,

168 3326 223 3384 tris
247 3326 363 3403 species
385 3331 446 3386 tam
469 3324 635 3404 dissimilis,
658 3327 715 3385 tria
737 3323 806 3384 talia
828 3330 921 3404 texta,

114 3428 148 3478 95
167 3431 226 3473 una
249 3412 313 3474 dies
337 3412 418 3474 dabit
440 3415 544 3494 exitio,
566 3412 734 3491 multosque
756 3430 811 3491 per
834 3429 926 3472 annos

168 3507 331 3562 sustentata
353 3508 421 3562 ruet
442 3500 536 3561 moles
560 3508 590 3561 et
612 3501 747 3561 maehina
769 3500 880 3560 mundi.

166 3607 222 3650 nee
244 3607 292 3648 me
316 3590 408 3649 animi
431 3588 505 3649 fallit
528 3607 617 3667 quam
639 3607 689 3648 res
710 3605 785 3649 nova
808 3589 941 3668 miraque
964 3589 1059 3648 menti
