2512 3874
630 212 657 267 V
1082 211 1142 276 161

228 359 372 439 undique,
395 367 426 420 et
447 359 602 419 adversum
624 358 811 419 venientibus
835 378 886 420 ora
908 359 1061 440 petebant,

228 456 259 508 et
281 449 484 526 necopinantis
507 466 523 507 a
546 455 630 525 tergo
653 447 851 528 deripiebant,
1093 469 1145 508 1010

229 535 428 614 deplexaeque
451 534 560 596 dabant
581 538 613 595 in
635 543 745 596 terram
767 535 886 596 volnere
909 537 1017 615 victos,

138 629 213 682 1320
228 623 379 684 morsibus
402 623 513 683 adfixae
537 622 640 683 validis
663 631 750 701 atque
773 622 922 701 unguibus
944 625 1038 683 uncis.

140 728 210 779 1310
229 711 434 789 iactabantque
458 729 528 772 suos
550 713 629 771 tauri
651 710 835 790 pedibusque
857 710 1005 790 terebant,
1089 787 1090 790 Ἴ

229 808 260 860 et
282 799 374 860 latera
397 818 430 859 ac
452 806 570 886 ventres
595 799 751 860 hauribant
774 807 877 878 supter
900 817 1044 877 equorum

229 887 383 967 cornibus,
406 894 436 947 et
457 893 567 947 terram
590 889 738 947 minitanti
760 887 857 947 lronte
879 886 1012 947 ruebant.
1093 909 1144 948 1000

229 984 260 1036 et
281 974 385 1035 validis
409 977 505 1035 socios
528 974 689 1035 caedebant
711 974 849 1035 dentibus
873 977 950 1054 apri,

140 1071 215 1123 1335
226 1063 286 1124 tela
308 1063 432 1123 infracta
455 1080 508 1122 suo
529 1064 700 1140 tinguentes
723 1065 865 1141 sanguine
889 1065 981 1143 saevi,

140 1146 282 1234 13101111
306 1168 339 1211 se
361 1151 453 1210 lracta
477 1168 530 1210 suo
554 1153 721 1229 tinguentes
745 1153 887 1228 sanguine
910 1146 1009 1231 tela,ss

226 1241 447 1319 permixtasque
470 1238 578 1299 dabant
599 1241 732 1318 equitum
754 1239 945 1318 peditumque
968 1240 1081 1298 ruinas:

226 1346 295 1388 nam
317 1335 486 1388 transversa
508 1327 587 1386 leros
610 1326 729 1387 exibant
752 1327 849 1387 dentis
872 1327 992 1386 adactus
1093 1349 1145 1388 roeo

227 1418 358 1477 iumenta
380 1421 431 1474 aut
452 1413 577 1493 pedibus
600 1422 703 1475 ventos
727 1423 825 1475 erecta
847 1413 998 1492 petebant:

137 1509 211 1562 1330
226 1506 419 1583 nequiquam,
443 1504 581 1581 quoniam
604 1501 640 1561 ab
662 1504 763 1562 nervis
786 1505 900 1562 succisa
923 1501 1040 1561 videres

138 1607 208 1657 1310
227 1591 384 1652 concidere
408 1596 495 1668 atque
517 1591 599 1667 gravi
621 1597 731 1649 terram
754 1596 944 1651 consternere
967 1608 1047 1649 casu.

227 1683 253 1741 si
276 1697 351 1758 quos
375 1686 441 1738 ante
465 1677 545 1737 domi
568 1677 695 1737 domitos
718 1680 789 1738 satis
812 1695 878 1738 esse
901 1677 1055 1759 putabant,

227 1770 419 1830 effervescere
443 1764 603 1826 cernebant
625 1769 657 1825 in
679 1765 769 1826 rebus
792 1765 917 1843 agundis
1092 1787 1142 1828 1000

226 1854 395 1916 volneribus
418 1853 545 1914 clamore
569 1855 636 1932 luga
658 1860 773 1914 terrore
796 1853 938 1934 tumultu,

137 1951 210 2001 1335
226 1962 281 2004 100
303 1949 440 2022 poterant
461 1941 551 2002 ullam
573 1949 687 2019 partem
710 1941 872 2002 redducere
896 1960 1011 2002 eorum:

137 2049 207 2096 1303
226 2029 397 2108 diffirgiebat
419 2031 498 2090 enim
522 2032 635 2088 varium
658 2047 751 2106 genus
775 2047 860 2089 omne
883 2029 1024 2109 serarum,

225 2127 259 2180 ut
281 2136 360 2178 nunc
383 2135 469 2196 saepe
493 2116 583 2177 bores
605 2116 688 2176 lucae
711 2117 791 2176 10110
813 2116 889 2175 male
913 2123 1024 2177 mactae

225 2207 397 2286 diffugiunt,
420 2206 482 2266 lcra
505 2205 563 2264 lata
586 2207 649 2264 suis
671 2222 740 2263 cum
761 2203 853 2264 multa
875 2204 992 2264 dedere.
1092 2227 1143 2266 roco

227 2298 253 2355 si
275 2296 331 2356 fuit
353 2301 386 2354 ut
409 2294 548 2354 lacerent
584 2291 636 2351 sed
660 2292 708 2350 rix
732 2291 861 2352 adducor
883 2297 930 2372 ut,
952 2298 1020 2352 ante

137 2389 209 2440 1340
226 2401 314 2462 quam
333 2399 487 2442 commune
506 2379 616 2440 malum
634 2380 719 2439 fieret
736 2379 922 2459 foedumque,
945 2380 1076 2439 loturum
1092 2403 1143 2442 101

138 2487 286 2536 1330101
310 2471 440 2548 quierint
463 2470 559 2528 animo
582 2469 766 2546 praesentire
789 2474 876 2545 atque
899 2466 1007 2527 videre.
1091 2491 1143 2530 1011

226 2553 234 2640 ll
248 2565 278 2619 et
300 2559 393 2635 magis
417 2557 446 2617 id
469 2558 567 2635 possis
589 2555 698 2616 lactum
721 2555 899 2615 contendere
922 2557 953 2614 in
977 2557 1069 2634 omni,
1092 2579 1144 2617 1³44

225 2649 257 2706 in
279 2647 369 2705 variis
392 2643 510 2705 mundis
533 2645 614 2703 varia
636 2645 749 2703 ratione
772 2644 894 2722 creatis,
1092 2666 1143 2706 100

226 2752 314 2813 quam
336 2739 417 2793 certo
442 2739 529 2811 atque
552 2749 610 2790 uno
633 2739 780 2791 terrarum
803 2731 934 2809 quolibet
957 2727 1059 2810 0111111

136 2830 209 2880 1345
227 2822 278 2882 sed
302 2822 398 2881 facere
422 2821 452 2881 id
475 2827 617 2879 nontam
640 2818 778 2878 vincendi
802 2836 853 2897 spe
876 2818 1045 2898 voluerunt,

137 2927 206 2977 1333
226 2927 314 2988 quam
337 2908 407 2968 dare
430 2907 508 2987 quod
532 2913 684 2986 gemerent
705 2906 821 2987 hostes,
844 2908 961 2984 ipsique
983 2907 1097 2986 perire,

226 3000 277 3076 qui
299 3013 423 3057 numero
446 2994 619 3056 dillldebant
641 2996 790 3072 armisque
814 2992 962 3054 vacabant.

268 3083 381 3144 Nexilis
405 3091 471 3144 ante
495 3083 551 3142 luit
572 3083 663 3142 vestis
687 3099 774 3160 quam
797 3080 898 3140 textile
921 3088 1048 3158 tegmen.
1091 3105 1143 3145 reso

223 3171 325 3233 textile
348 3180 415 3251 post
438 3172 590 3249 ferrumst,
614 3171 683 3247 quia
705 3169 785 3228 10110
808 3167 865 3228 tela
888 3177 1023 3249 paratur,

134 3269 208 3320 1350
223 3280 279 3321 nec
301 3263 416 3321 ratione
439 3259 495 3319 alia
517 3265 642 3337 possunt
663 3263 723 3315 tam
745 3254 820 3316 levia
843 3259 924 3335 gigni

136 3365 205 3415 1340
223 3348 322 3409 insilia
346 3365 379 3408 ac
403 3348 474 3426 bisi,
497 3346 584 3426 radii,
608 3345 746 3423 scapique
770 3351 918 3404 sonantes.

132 3427 137 3434 ⁵
223 3446 254 3498 et
276 3438 371 3497 facere
395 3442 462 3495 ante
485 3436 565 3494 viros
587 3432 683 3492 lanam
707 3437 811 3491 natura
832 3435 929 3511 coegit

224 3543 311 3604 quam
334 3521 478 3583 muliebre
497 3539 601 3600 genus:
625 3537 693 3579 nam
711 3518 797 3597 longe
815 3520 995 3598 praestatio
1014 3525 1076 3578 arte
1091 3541 1141 3582 1865
