2500 3882
590 243 629 297 IV
1053 239 1118 304 103

178 390 263 470 quale
287 392 326 451 sit
348 397 381 451 ut
403 391 569 471 videamus,
592 397 622 450 et
644 409 702 450 una
726 409 813 470 quam
835 390 939 469 procul
962 389 1047 450 absit
1077 410 1119 452 aas

166 479 251 562 ¹illud
274 481 306 540 in
328 478 375 538 his
398 478 488 539 rebus
511 481 632 539 minime
656 479 789 539 mirabile
813 478 1021 557 habendumst‚

102 584 159 633 240
178 586 246 648 our,
269 585 304 626 ea
327 585 401 645 quae
425 567 533 627 feriant
558 566 659 627 oculos
685 567 842 627 simulacra
863 566 958 627 videri

102 671 165 725 256
180 654 296 734 singula
319 673 387 715 cum
409 661 571 736 nequeant,
592 673 642 715 res
665 657 746 734 ipsae
769 657 996 734 perspiciantur.

111 810 113 818 Α
178 750 284 804 ventus
307 745 387 802 enim
411 761 528 822 quoque
548 742 688 822 paulatim
707 761 775 803 cnm
789 742 929 803 ¹verberat
948 749 977 802 et
996 759 1063 802 cum
1078 761 1118 802 rso

179 850 247 892 acre
271 830 336 890 lluit
358 832 465 912 frigus,
488 849 547 891 non
569 833 684 910 privam
708 849 854 910 quamque
878 828 1006 890 solemus
1078 851 1118 891 scr

178 918 354 999 particulam
376 921 457 980 venti
481 921 590 980 sentire
613 926 644 980 et
666 919 786 996 trigoris
809 921 887 999 eius,
1078 940 1118 979 aco

104 1025 160 1074 245
180 1007 233 1068 sed
255 1009 349 1086 magis
372 1025 528 1088 morsum,
551 1008 674 1085 fierique
697 1007 821 1085 perinde
844 1007 978 1069 videmus
1078 1029 1118 1068 ass

105 1112 164 1165 261
181 1113 305 1174 corpore
328 1103 391 1157 tum
414 1094 513 1174 plagas
536 1097 568 1155 in
591 1102 693 1156 nostro
715 1102 864 1173 tamquam
887 1094 1000 1173 aliquae
1024 1112 1073 1154 res

179 1183 317 1243 verberet
330 1189 426 1263 atque
450 1185 497 1243 sui
520 1182 571 1245 det
593 1201 714 1243 sensum
737 1185 870 1262 corporis
893 1190 984 1243 extra.

179 1278 334 1351 praeterea
356 1269 483 1350 lapidem
505 1272 597 1350 digito
621 1290 688 1332 cum
711 1272 876 1351 tundimuS,
899 1273 997 1349 ipsum
1078 1290 1118 1331 ace

180 1361 328 1438 tangimus
351 1366 516 1419 extremum
540 1359 603 1419 saxi
625 1377 832 1437 summumque
855 1358 998 1438 colorem,

106 1441 161 1514 2'50
180 1466 236 1508 nec
260 1449 402 1508 sentimus
426 1465 494 1507 eum
515 1454 611 1527 tactu,
632 1465 734 1507 verum
757 1449 850 1525 magis
872 1448 968 1525 ipsam

105 1553 167 1604 266
180 1535 321 1596 duritiem
342 1537 462 1614 penitus
485 1537 548 1595 saxi
571 1537 715 1596 sentimus
737 1537 769 1594 in
792 1534 859 1594 alto.

220 1615 310 1684 'Nunc
332 1641 399 1704 age,
425 1642 479 1683 our
500 1623 578 1683 ultra
601 1623 754 1703 speculum
776 1623 911 1682 videatur
933 1624 1028 1700 imago

116 1773 119 1788 ,
180 1713 314 1791 percipe:
336 1729 405 1770 nam
428 1719 508 1772 certe
530 1713 649 1791 penitus
673 1719 785 1772 semota
807 1711 930 1771 ridetur.
1078 1732 1119 1772 sao

105 1815 166 1867 270
181 1799 260 1878 quod
283 1816 376 1877 genus
399 1798 449 1859 illa
470 1799 544 1859 foris
567 1818 641 1877 quae
664 1818 733 1860 vere
757 1801 1002 1878 transpioiuntur‚

106 1905 161 1954 255
181 1889 268 1948 ianua
291 1905 366 1968 oum*
381 1905 437 1964 per
459 1905 490 1947 se
513 1894 715 1966 transpectum
737 1886 860 1967 praehet
881 1894 1029 1966 apertum,

181 1975 273 2037 multa
295 1975 423 2053 facitque
446 1974 519 2035 ioris
542 1993 578 2035 ex
602 1974 723 2036 aedibus
746 1982 779 2035 ut
801 1975 967 2035 videantur:

181 2066 208 2124 is
232 2081 349 2142 quoque
372 2065 451 2123 euim
474 2061 591 2141 duplici,
607 2065 782 2141 geminoque
806 2063 840 2122 lit
861 2068 930 2122 aere
952 2064 1042 2122 visus,

119 2217 121 2224 ¹
180 2153 295 2231 primus
319 2152 397 2211 enim
420 2152 495 2210 citra
517 2159 617 2228 postes
640 2157 704 2210 tum
726 2152 858 2210 cernitur
880 2155 944 2228 aer,
1078 2169 1118 2212 au

105 2255 165 2308 275
180 2239 250 2299 inde
273 2239 353 2298 fores
376 2241 457 2318 ipsae
480 2237 583 2298 dextra
604 2237 743 2316 laevaque
767 2244 920 2317 secuntur,

108 2343 163 2393 aso
181 2334 250 2406 post
272 2328 400 2387 extraria
423 2325 472 2386 lux
495 2325 597 2386 oculos
620 2332 771 2405 perterget
793 2331 823 2385 et
846 2329 896 2384 aer

181 2414 270 2494 alter,
293 2421 323 2474 et
345 2413 395 2474 illa
417 2414 490 2474 loris
513 2432 587 2492 quae
610 2431 679 2474 vere
702 2415 943 2492 transpiciuntnr.

154 2495 156 2500 ’
182 2501 300 2563 sicubi
323 2520 356 2562 se
379 2504 509 2581 primum
533 2501 646 2581 speculi
667 2503 794 2580 proiecit
816 2502 925 2580 imago,

182 2590 253 2651 dum
277 2593 356 2650 venit
379 2590 414 2650 ad
437 2597 553 2651 nostras
576 2591 669 2671 acies,
691 2589 840 2668 protrudit
861 2591 979 2668 agitque
1079 2609 1120 2649 seo

107 2695 169 2747 280
183 2684 252 2738 aera
274 2680 326 2757 qui
348 2679 428 2738 inter
449 2696 482 2738 se
505 2685 661 2757 cumquest
683 2677 843 2756 oculosque
865 2677 991 2756 locatus,

108 2784 163 2834 265
183 2774 213 2827 et
235 2767 305 2828 tacit
328 2773 361 2826 ut
382 2767 466 2845 prius
489 2765 568 2826 hunc
592 2783 709 2826 omnem
732 2769 843 2826 sentire
866 2783 1007 2844 queamus

183 2873 269 2934 quam
278 2853 505 2933 speculum:sed
513 2853 565 2914 uhi
573 2853 725 2932 speculum
733 2872 849 2933 quoquo
858 2855 1005 2913 sensimus
1013 2855 1121 2932 ipsum,

182 2944 322 3003 continuo
346 2961 363 3003 a
385 2940 471 3002 uobis
493 2943 526 3001 in
548 2942 628 3002 idem
651 2961 725 3020 quae
748 2942 842 3004 lertur
865 2943 960 3019 imago

181 3032 329 3109 pervenit,
353 3036 383 3090 et
405 3036 523 3090 nostros
547 3029 647 3090 oculos
670 3032 781 3090 reiecta
803 3031 917 3107 revisit,
1082 3049 1122 3090 sos

106 3135 169 3186 235
181 3125 269 3197 atque
294 3117 383 3177 alium
406 3135 477 3197 prae
501 3135 533 3178 se
555 3116 724 3196 propellens
748 3123 817 3179 adra
838 3115 939 3195 volvit,

107 3223 163 3272 270
182 3214 212 3266 et
234 3206 305 3267 lacit
328 3213 361 3266 ut
382 3207 466 3284 prius
490 3206 569 3266 huno
593 3223 680 3283 quam
704 3223 735 3265 se
758 3206 922 3283 videamus,
946 3221 1041 3282 eoque

182 3295 293 3355 distare
316 3293 352 3354 ah
376 3292 495 3372 speculo
519 3300 633 3354 tantum
658 3300 769 3354 semota
792 3292 916 3352 videtur.

124 3450 126 3458 ,
182 3401 274 3462 qnare
298 3384 387 3442 etiam
411 3388 499 3460 atque
523 3384 612 3442 etiam
635 3383 757 3441 minime
780 3382 917 3440 mirarier
940 3387 985 3441 est
1007 3398 1061 3458 par

611 3488 629 3527 6

106 3575 166 3628 268
181 3558 240 3620 illis
264 3576 338 3636 quac
364 3556 492 3618 reddunt
516 3557 706 3636 speculorum
729 3574 765 3616 ex
789 3574 915 3634 aequore
939 3558 1048 3635 visum,
1085 3578 1124 3618 roo
