2512 3874
621 253 660 308 IV
1086 253 1149 318 119

135 418 192 468 880
211 419 391 482 sermonem,
416 400 568 480 multoque
592 408 707 462 creatae
731 407 800 462 sunt
822 403 906 480 prius
930 421 1017 462 aures

212 509 300 570 qnam
323 507 413 550 sonus
437 496 483 549 est
503 489 629 570 auditus,
652 497 682 549 et
701 492 798 549 omnia
817 489 945 567 denique
964 490 1096 550 membra
1110 513 1150 553 aro

211 585 278 639 ante
301 579 401 658 luere,
422 584 457 637 nt
479 579 597 658 opinor,
620 596 722 638 eorum
746 596 834 656 quam
857 578 934 637 soret
956 596 1042 639 usus:

211 667 289 727 haud
312 668 403 744 igitur
425 671 548 744 potuere
571 666 675 725 utendi
697 683 833 726 crescere
857 683 953 726 causa.

136 771 196 822 840
212 762 242 815 at
264 762 366 815 contra
389 754 524 814 conferre
547 772 636 814 manu
660 756 820 814 certamina
842 772 958 833 pugnae

137 859 191 909 825
212 851 242 903 et
264 835 393 903 lacerare
417 849 498 902 artus
522 841 698 919 foedareque
722 841 854 902 membra
877 860 983 903 cruore

211 938 278 992 ante
301 931 357 991 luit
378 929 471 990 multo
494 947 582 1008 quarn
605 929 701 990 lucida
724 929 782 990 tela
804 928 949 1013 volarent,
1029 949 1030 952 ’
1110 951 1149 992 aaa

211 1026 242 1079 ct
263 1017 367 1080 volnus
390 1021 482 1078 vitare
504 1020 588 1097 prius
611 1025 715 1078 natura
739 1021 836 1097 coegit

212 1125 300 1186 quam
322 1107 406 1167 daret
429 1106 577 1166 obiectum
600 1109 713 1185 parmai
736 1104 815 1167 laeva
836 1125 891 1185 per
914 1113 1016 1167 artem.

138 1211 195 1262 845
210 1195 337 1277 scilicet,
363 1202 393 1254 et
415 1194 527 1254 fessum
550 1213 658 1273 corpus
681 1195 819 1255 mandare
844 1197 937 1273 quieti

136 1300 192 1350 830
210 1282 303 1343 multo
326 1284 477 1362 antiquius
500 1289 546 1342 est
569 1301 657 1362 quam
680 1281 749 1344 lecti
772 1282 870 1343 mollia
894 1288 997 1363 strata,

211 1379 241 1431 et
264 1370 366 1432 sedare
390 1372 471 1430 sitim
493 1373 577 1449 prins
600 1378 646 1430 est
669 1389 756 1449 quam
778 1370 883 1448 pocula
906 1378 1015 1430 natum.
1109 1392 1148 1432 eoo

210 1459 283 1519 haec
305 1461 396 1537 igitur
418 1465 544 1537 possunt
565 1459 669 1518 utendi
692 1461 808 1536 cognita
832 1477 919 1519 causa

212 1547 340 1628 oredier,
364 1565 400 1607 ex
422 1565 480 1606 usu
503 1565 577 1625 quae
601 1553 671 1606 sunt
693 1549 810 1625 vitaque
833 1554 960 1625 reperta.

138 1652 197 1704 850
210 1635 260 1695 illa
283 1635 404 1714 quidem
428 1653 562 1695 seorsum
587 1641 656 1696 sunt
679 1637 789 1716 omnia,
813 1653 887 1714 quae
910 1637 995 1713 prius
1018 1637 1083 1713 ipsa

138 1739 192 1791 835
211 1730 279 1783 nata
301 1723 409 1783 dedere
434 1741 503 1784 suae
526 1729 595 1802 post
616 1725 751 1783 notitiam
774 1723 918 1784 utilitatis.

143 1891 145 1893 Ι
212 1830 269 1891 quo
298 1829 405 1890 genere
428 1813 588 1891 inprimis
612 1830 717 1873 sensus
741 1819 771 1872 ct
792 1811 925 1872 membra
947 1811 1095 1892 videmus3
1109 1834 1147 1873 aaa

212 1917 303 1978 quare
326 1902 414 1960 etiam
437 1906 525 1979 atque
549 1902 639 1961 etiam
660 1899 764 1979 procul
787 1907 833 1960 est
855 1907 888 1960 ut
910 1899 1032 1960 credere
1050 1901 1147 1978 possis

211 1987 347 2048 utilitatis
370 1987 407 2047 oh
431 1987 562 2047 officium
584 1991 716 2066 potuisse
740 1990 842 2048 creari.
860 1984 871 2067 ΙΙ

255 2075 339 2135 Nunc
362 2077 414 2154 qui
436 2075 487 2136 fiat
507 2077 553 2135 uti
574 2094 680 2153 passus
702 2076 836 2154 prolerre
860 2093 1015 2154 queamus,
1109 2098 1147 2137 arr

139 2183 192 2232 840
212 2183 279 2224 cum
301 2163 450 2244 volumus,
472 2165 611 2242 varieque
634 2164 734 2223 datum
758 2165 796 2222 sit
818 2162 950 2222 membra
972 2181 1104 2244 movere,

140 2268 197 2320 876
212 2259 242 2313 et
264 2270 338 2330 quac
362 2269 411 2312 res
433 2258 548 2312 tantum
571 2251 627 2311 hoo
651 2253 750 2311 oneris
773 2250 948 2330 protrudere
972 2253 1067 2311 nostri

213 2343 346 2419 corporis
368 2342 507 2421 insuerit,
530 2340 640 2400 dicam:
663 2347 696 2400 tu
718 2341 838 2418 percipe
862 2339 948 2399 dicta.
1109 2362 1148 2401 eoo

212 2428 277 2488 dico
301 2430 398 2488 animo
420 2435 523 2488 nostro
546 2430 676 2507 primum
699 2427 856 2487 simulacra
877 2428 996 2487 meandi

212 2516 346 2578 accidere
369 2522 456 2595 atquc
479 2519 610 2577 animum
633 2514 763 2595 pulsare,
786 2522 820 2576 ut
842 2515 970 2576 diximus
994 2521 1068 2576 ante.

139 2622 192 2672 845
211 2604 280 2665 inde
302 2603 436 2664 voluntas
459 2604 504 2664 fit:
528 2622 624 2683 neque
648 2607 727 2664 enim
750 2604 847 2664 lacere
870 2606 976 2683 incipit
998 2605 1087 2665 ullam

140 2709 194 2761 881
211 2713 275 2755 rem
298 2694 468 2772 quisquam,
492 2710 586 2770 quom
607 2711 693 2752 mens
715 2693 844 2770 providit
867 2693 937 2771 quid
960 2691 1031 2752 velit
1053 2700 1128 2753 ante.

210 2781 242 2842 id
264 2781 343 2861 quod
365 2779 513 2861 providet,
536 2780 615 2840 illius
638 2783 684 2840 rei
706 2787 821 2840 constat
842 2783 946 2860 imago.
1109 2803 1148 2844 aas

211 2887 280 2947 ergo
303 2871 418 2931 animus
443 2887 510 2929 cum
534 2887 599 2928 sese
622 2871 662 2929 ita
686 2876 849 2928 commovet
872 2876 905 2929 ut
927 2869 997 2929 velit
1019 2871 1063 2929 ire

211 2958 300 3036 inque
324 2958 421 3040 gredi,
444 2958 513 3018 ierit
536 2957 682 3036 extemplo
706 2975 780 3036 quae
803 2959 835 3017 in
858 2975 981 3035 corpore
1004 2963 1079 3038 toto,

139 3061 193 3111 850
211 3063 266 3124 per
287 3047 419 3107 membra
442 3052 530 3124 atque
554 3053 649 3126 artus,
672 3047 779 3105 animai
803 3045 906 3104 dissita
928 3046 973 3102 vis
996 3052 1053 3104 est:

138 3150 197 3200 888
211 3140 242 3194 et
264 3132 378 3193 facilest
400 3134 491 3216 lactu,
516 3136 656 3213 quoniam
679 3136 835 3193 coniuncta
857 3138 983 3192 tenetur.

211 3221 280 3281 inde
304 3239 337 3281 ca
360 3240 503 3300 proporro
527 3241 635 3302 corpus
658 3222 740 3302 ierit,
764 3227 850 3299 atque
874 3223 915 3280 ita
936 3227 998 3280 tota
1109 3244 1148 3284 eoo

167 3303 169 3308 ’
210 3309 351 3389 paulatim
373 3309 466 3370 moles
488 3310 674 3388 protruditur
697 3317 785 3389 atque
808 3316 950 3370 movetur.

209 3405 364 3478 praeterea
386 3405 449 3457 tum
472 3401 596 3458 rarescit
619 3417 736 3478 quoque
760 3416 882 3478 corpus,
905 3405 935 3458 et
957 3401 1021 3479 aar,

140 3486 338 3566 consciliata,
361 3492 394 3546 ut
417 3485 504 3545 debet
527 3489 578 3564 qui
602 3505 719 3566 semper
741 3486 859 3547 mobilis
883 3493 974 3566 extat,

139 3590 192 3640 891
206 3593 262 3654 per
283 3575 428 3654 patefacta
450 3575 531 3634 venit
552 3581 744 3654 penetratque
768 3575 912 3636 foramina
935 3573 1047 3655 largus,
