2512 3874
117 217 182 280 140
604 217 630 273 V

186 381 247 423 non
269 363 341 424 alias
365 362 415 423 alii
438 381 555 442 quoque
578 381 627 422 res
651 365 787 424 cecinere
810 359 936 442 poetae?

188 469 245 529 quo
268 457 313 511 tot
335 452 410 511 facta
432 453 529 510 virum
551 453 661 512 totiens
684 451 819 512 cecidere
841 469 938 529 neque
962 467 1087 528 usquam

188 541 317 599 aeternis
340 540 433 599 lamae
456 541 647 599 monimentis
670 541 761 599 insita
784 535 912 600 florent?

117 643 169 692 続20
187 645 299 707 verum,
317 633 350 687 33
365 629 478 707 opinor,
491 626 580 686 habet
594 629 753 689 novitatem
768 645 891 707 summa,
904 643 1069 703 recensque
1084 647 1130 686 333

117 730 171 781 331
186 721 320 775 naturast
342 713 447 774 mundi
468 732 565 793 neque
587 715 704 794 pridem
726 715 848 775 exordia
870 716 957 793 cepit.

189 821 279 881 quare
303 805 392 862 etiam
416 802 558 881 quaedam
581 822 660 863 nunc
683 810 761 863 artes
785 802 986 882 expoliuntur,

188 909 267 950 nunc
290 892 379 950 etiam
403 897 577 969 augescunt:
599 909 679 950 nunc
702 890 801 951 addita
822 892 947 968 navigiis
970 895 1040 949 sunt

187 978 291 1058 multa,
315 977 402 1038 modo
426 980 558 1057 organici
579 978 701 1038 melicos
724 996 868 1058 peperere
892 995 1029 1057 sonores,

118 1082 170 1131 続25
189 1065 315 1144 denique
339 1075 443 1127 natura
465 1067 538 1126 haec
561 1084 662 1126 rerum
685 1069 819 1144 ratioque
842 1071 990 1145 repertast
1087 1085 1129 1126 ses

118 1168 173 1220 336
188 1173 296 1235 nuper,
320 1161 350 1215 et
371 1155 447 1215 hanc
469 1155 583 1233 primus
607 1156 802 1233 cumprimis
826 1155 890 1232 ipse
914 1158 1051 1231 repertus

188 1260 266 1303 nunc
290 1260 343 1320 ego
368 1261 433 1303 sum
456 1244 488 1302 in
509 1244 620 1320 patrias
644 1244 695 1320 qui
717 1243 831 1320 possim
853 1247 970 1301 vertere
993 1257 1090 1300 voces

189 1331 267 1410 quod
291 1333 317 1390 si
340 1330 416 1390 forte
440 1331 531 1390 luisse
554 1330 677 1390 antehac
700 1328 802 1389 eadem
826 1331 924 1390 omnia
947 1328 1059 1408 credis,

189 1418 241 1478 sed
263 1420 390 1496 periisse
412 1418 566 1477 hominum
588 1419 715 1477 torrenti
737 1417 833 1478 saecla
855 1435 976 1498 vapore,

118 1521 169 1570 333
189 1511 239 1566 333
262 1506 405 1567 cecidisse
429 1504 512 1566 urbis
535 1523 641 1584 magno
663 1507 816 1566 vexamine
838 1505 955 1586 mundi,
1087 1526 1129 1566 seo

118 1599 238 1657 341333
260 1611 296 1652 ex
318 1592 465 1654 imbribus
488 1593 620 1654 adsiduis
642 1596 740 1654 exisse
763 1611 885 1672 rapaces

187 1698 242 1758 per
263 1686 359 1740 terras
383 1698 484 1740 amnes
508 1687 596 1759 atque
620 1681 727 1760 oppida
751 1683 954 1760 cooperuisse,

187 1773 268 1827 tanto
292 1769 401 1845 quique
423 1769 517 1844 magis
540 1770 634 1828 victus
658 1769 768 1829 fateare
791 1775 944 1830 necessest

188 1855 311 1915 exitium
335 1872 452 1932 quoque
475 1860 622 1915 terrarum
646 1856 777 1935 caelique
801 1857 947 1918 futurum:

117 1958 170 2008 333
188 1961 256 2003 nam
279 1960 346 2002 cum
370 1960 418 2003 res
441 1945 531 2002 tantis
553 1943 665 2003 morbis
687 1947 836 2022 tantisque
861 1943 983 2023 periclis
1087 1965 1128 2004 333

117 2045 172 2097 346
187 2037 416 2112 temptarentur,
439 2030 482 2091 ibi
506 2033 531 2091 si
553 2033 668 2091 tristior
691 2031 877 2092 incubuisset

188 2138 289 2200 causa,
312 2119 417 2180 darent
440 2119 497 2180 late
521 2119 634 2180 cladem
656 2137 835 2198 magnasque
859 2120 971 2180 ruinas.

188 2227 243 2269 neo
265 2209 380 2268 ratione
404 2207 459 2267 alia
481 2206 620 2267 mortales
643 2224 710 2266 esse
733 2207 869 2266 videmur

188 2299 266 2355 inter
289 2312 357 2375 nos,
380 2296 439 2354 nisi
462 2294 540 2372 quod
562 2292 675 2353 morbis
699 2297 898 2372 aegrescimus
921 2294 1018 2355 isdem

118 2388 276 2460 34333333
299 2381 343 2441 illi
366 2399 440 2459 quos
464 2399 480 2440 a
503 2383 562 2440 vita
585 2389 689 2442 natura
712 2385 845 2442 removit.
1087 2403 1130 2444 333

116 2483 171 2534 351
231 2469 388 2529 Praeterea
411 2487 613 2547 quaecumque
636 2476 757 2529 manent
780 2477 900 2530 aeterna
921 2475 1078 2530 necessust

188 2564 251 2637 aut,
275 2558 344 2634 quia
367 2561 436 2615 sunt
459 2555 553 2616 solido
577 2574 644 2616 cum
667 2575 806 2638 corpore,
829 2575 972 2634 respuere
995 2558 1072 2616 ictus

187 2663 243 2704 nec
265 2649 422 2722 penetrare
444 2645 507 2721 pati
529 2641 586 2704 sibi
609 2646 767 2722 quicquam
790 2645 869 2723 quod
893 2650 982 2723 queat
1005 2650 1084 2704 artas

188 2732 348 2792 dissociare
371 2733 452 2791 intus
475 2733 581 2812 partis,
604 2737 637 2791 33
659 2733 794 2791 materiai

116 2835 167 2885 続45
187 2837 310 2898 corpora
333 2828 414 2899 sunt,
438 2836 566 2897 quorum
587 2826 722 2879 naturam
746 2819 930 2879 ostendimus
955 2826 1037 2901 ante,
1086 2842 1128 2882 sss

115 2923 170 2974 356
187 2913 237 2968 aut
260 2907 326 2967 ideo
350 2906 456 2968 durare
480 2912 606 2966 aetatem
618 2905 716 2985 posse
738 2925 793 2985 per
817 2925 949 2988 omnem,

184 2994 337 3073 plagarum
360 2997 429 3073 quia
453 3001 523 3054 sunt
546 2997 690 3074 expertia,
715 2996 792 3055 sicut
815 2997 945 3075 inanest,

185 3082 264 3159 quod
287 3089 387 3142 manet
410 3085 553 3142 intactum
575 3100 672 3160 neque
696 3081 733 3141 ab
756 3085 817 3142 ictu
841 3083 974 3161 fungitur
996 3082 1106 3163 hilum,

186 3175 236 3227 333
259 3171 348 3228 etiam
371 3172 441 3247 quia
463 3168 543 3229 nulla
565 3168 625 3229 loci
647 3170 680 3229 fit
703 3171 787 3247 copia
810 3172 937 3251 circum,

115 3269 167 3319 続50
186 3272 244 3330 quo
268 3258 353 3331 quasi
375 3275 425 3316 res
447 3259 564 3335 possint
586 3256 739 3317 discedere
763 3257 961 3338 dissoluique,
1088 3281 1126 3321 333

115 3341 264 3406 361sicut
286 3357 468 3403 summarum
492 3350 635 3405 summast
657 3351 789 3424 aeterna,
812 3363 910 3421 neque
934 3353 1017 3404 extra

187 3427 238 3502 qui
264 3424 346 3485 locus
370 3436 416 3489 est
440 3447 498 3507 333
521 3430 661 3510 dissiliat,
688 3448 784 3508 neque
809 3449 934 3510 corpora
957 3439 1028 3492 sunt
1051 3451 1125 3511 quae

185 3511 302 3590 possint
324 3513 456 3575 incidere
480 3522 510 3576 33
532 3517 626 3578 valida
649 3517 810 3577 dissolvere
833 3518 926 3596 plaga.
