2500 3882
592 197 631 252 TV
1072 197 1114 264 ot

97 360 157 414 ,25
177 350 314 406 naturam
337 361 438 404 rerum
461 362 495 403 ac
517 346 666 423 persentis
688 344 882 426 utilitatemss

120 449 160 500 48
222 432 281 492 Sed
304 433 441 510 quoniam
466 431 553 492 docui
575 439 748 494 cunctarum
771 434 892 494 exordia
914 453 1015 496 rerum
1088 452 1116 496 45

179 520 277 599 qualia
299 522 360 580 sint
382 527 412 580 et
435 538 523 598 quam
545 523 634 581 variis
658 521 796 582 distantia
818 523 921 583 formis

123 624 162 676 50
179 614 285 687 sponte
309 625 362 668 sua
383 607 506 668 volitent
528 616 648 669 aeterno
670 611 782 689 percita
804 617 888 671 motu

179 714 297 775 quoque
320 695 408 755 modo
431 698 525 774 possit
547 714 596 756 res
620 715 655 758 ex
677 697 725 757 his
748 717 882 778 quaeque
905 699 1013 778 creari,
1089 719 1116 760 rs

121 800 160 849 ao
179 791 267 862 atque
290 785 381 844 animi
404 785 542 862 quoniam
565 783 653 846 docui
675 792 779 846 natura
802 787 873 864 quid
896 793 976 846 esset
1089 807 1116 848 se

124 889 165 941 27
180 879 211 944 et
234 871 341 950 quibus
363 890 380 932 e
404 871 493 932 rebus
518 890 585 932 cum
608 890 731 952 corpore
754 881 871 952 compta
893 876 1006 952 vigeret

180 977 274 1038 quove
296 959 384 1020 modo
407 959 547 1020 distracta
568 961 681 1022 rediret
703 963 734 1021 in
757 960 839 1023 ordia
861 965 970 1042 prima,

179 1066 259 1108 nunc
281 1066 368 1126 agere
391 1049 531 1126 incipiam
553 1048 617 1129 tibi,
641 1049 718 1127 quod
737 1056 889 1110 rementer
911 1050 947 1110 ad
969 1049 1023 1110 has
1046 1067 1094 1109 res

125 1152 164 1203 30
179 1138 297 1218 attinet,
320 1153 386 1196 esse
410 1153 444 1196 ea
467 1154 541 1213 quae
564 1154 665 1196 rerum
688 1137 843 1199 simulacra
865 1156 1016 1198 vocamus:
1089 1160 1117 1201 eo

123 1240 160 1290 35
181 1243 269 1304 quae,
293 1225 377 1301 quasi
398 1223 585 1284 membranae
609 1243 724 1285 summo
747 1225 783 1285 de
807 1243 930 1304 corpore
954 1243 1054 1286 rerum

180 1312 333 1392 dereptae,
355 1311 477 1372 volitant
498 1310 635 1390 ultroque
659 1315 792 1391 citroque
814 1331 868 1392 per
891 1331 990 1395 auras,

178 1406 268 1478 ¹atque
291 1399 394 1460 eadem
416 1398 503 1460 nobis
525 1398 714 1478 vigilantibus
737 1401 822 1461 obvia
843 1408 958 1462 mentes

180 1488 344 1549 terrificant
366 1494 453 1566 atque
476 1490 508 1547 in
531 1489 656 1568 somnis,
678 1505 746 1549 cum
769 1507 856 1567 saepe
879 1490 988 1567 figuras

124 1591 163 1642 35
181 1578 350 1636 contuimur
371 1577 462 1636 miras
485 1575 700 1654 simrdacraque
723 1575 788 1637 luce
811 1585 976 1658 carentum,
1090 1598 1116 1640 11

123 1680 162 1729 4ο
182 1682 257 1742 quae
280 1681 335 1723 nos
357 1662 495 1724 horrifice
518 1662 684 1742 languentis
708 1683 795 1744 saepe
819 1682 924 1743 sopore

181 1753 347 1831 excierunt3
370 1769 408 1812 ne
431 1751 506 1812 iorte
529 1754 641 1813 animas
662 1752 830 1814 Acherunte
852 1771 971 1814 reamur

181 1840 310 1918 ellugere
333 1845 383 1900 aut
405 1838 526 1900 umbras
548 1842 627 1902 inter
649 1843 730 1901 vivos
752 1840 888 1922 volitare,

182 1945 255 1987 neve
278 1927 388 2005 aliquid
411 1929 507 1987 nostri
528 1935 596 2007 post
618 1936 744 1989 mortem
765 1947 853 2008 posse
876 1928 1017 2009 relinqui,

124 2032 164 2083 40
182 2033 250 2075 cum
273 2033 380 2094 corpus
404 2013 601 2094 simulatque
625 2018 715 2077 animi
738 2023 842 2077 natura
864 2024 1015 2095 perempta
1090 2039 1117 2080 io

124 2105 214 2169 41111
237 2121 290 2164 sua
312 2103 478 2164 discessum
500 2103 636 2164 dederint
657 2103 819 2182 primordia
842 2121 984 2181 quaeque.

605 2209 624 2250 s

109 2295 167 2346 125
182 2281 254 2358 quin
276 2280 374 2357 potius
397 2296 503 2338 noscas
525 2296 626 2340 rerum
649 2277 805 2339 simulacra
826 2281 927 2357 vagari
1078 2303 1116 2342 111

107 2366 272 2434 1261111111
295 2367 390 2426 modis
412 2365 514 2432 multis
536 2365 616 2426 nulla
638 2369 667 2426 vi
689 2385 831 2444 cassaque
854 2384 953 2427 sensu.
1078 2389 1117 2429 111

127 2471 166 2522 42
224 2454 295 2516 Dico
318 2457 409 2533 igitur
430 2472 532 2516 rerum
554 2455 666 2533 effigias
689 2455 846 2533 tenuisque
869 2455 978 2533 figuras
1090 2477 1117 2516 11

182 2544 294 2604 mittier
316 2542 352 2604 ab
375 2542 477 2623 rebus,
501 2561 615 2604 summo
639 2542 675 2603 de
698 2561 822 2622 corpore
845 2561 958 2624 rerum3
1091 2566 1118 2605 oe

127 2625 280 2714 obliquae
303 2633 388 2711 quasi
409 2629 596 2692 membranae
619 2630 666 2690 vel
688 2637 789 2691 cortex
811 2631 1054 2710 nominitandast,
1091 2653 1118 2692 11

128 2735 165 2786 45
181 2719 260 2797 quod
283 2721 411 2798 speciem
435 2737 468 2780 ac
491 2719 615 2780 iormam
638 2719 764 2780 similem
787 2721 864 2798 gerit
886 2721 950 2781 eius
973 2721 1082 2798 imago,

183 2809 395 2886 cuiuscumque
418 2806 496 2868 cluet
518 2808 554 2868 de
578 2825 702 2886 corpore
725 2807 791 2868 fusa
813 2805 948 2886 vagaril
1092 2826 1118 2868 11

126 2911 165 2961 47
181 2895 212 2954 id
234 2893 304 2955 licet
326 2893 395 2955 binc
419 2898 550 2972 quamvis
572 2894 675 2956 hebeti
696 2913 876 2972 cognoscere
900 2893 996 2955 corde.
1091 2917 1120 2955 44

107 3037 110 3053 ,
180 2983 327 3061 principio
351 2983 488 3060 quoniam
510 2985 632 3043 mittunt
654 2985 686 3043 in
708 2981 798 3042 rebus
821 2984 931 3062 apertis
1085 3003 1120 3044 ’14

126 3087 163 3136 11
182 3087 306 3149 corpora
328 3088 378 3131 res
399 3068 521 3150 multae,
542 3072 650 3149 partim
673 3071 779 3131 diffusa
802 3069 911 3149 solute,
1092 3091 1120 3133 11

181 3158 288 3219 robora
311 3176 366 3220 ceu
388 3158 502 3218 fumum
524 3159 645 3219 mittunt
667 3161 810 3237 ignesque
832 3175 983 3237 vaporem,

126 3261 165 3313 55
181 3253 211 3306 et
233 3247 341 3325 partim
364 3252 499 3307 contexta
521 3248 615 3324 magis
639 3246 859 3325 condensaque,
882 3251 915 3304 ut
938 3244 1008 3305 olim

182 3352 251 3394 cum
273 3336 376 3394 teretis
399 3340 512 3413 ponunt
535 3336 650 3396 tunicas
672 3341 783 3395 aestate
806 3331 938 3413 cicadae,

108 3483 111 3490 ,
181 3428 212 3482 et
233 3421 318 3482 vituli
341 3441 407 3482 cum
430 3421 615 3484 membranas
639 3422 675 3482 de
699 3439 823 3501 corpore
847 3439 962 3482 sunrmo

459 3506 514 3586 [49
534 3509 591 3589 sq]
608 3537 649 3560 =
664 3507 705 3570 33
726 3528 768 3588 sq.

161 3621 305 3660 Lucanum.
320 3620 355 3661 ed.
369 3619 495 3668 Brieger.
892 3615 907 3662 7
