<?xml version="1.0" encoding="UTF-8"?>
<!DOCTYPE html PUBLIC "-//W3C//DTD XHTML 1.0 Transitional//EN"
    "http://www.w3.org/TR/xhtml1/DTD/xhtml1-transitional.dtd">
<html xmlns="http://www.w3.org/1999/xhtml" xml:lang="en" lang="en">
 <head>
  <title>
</title>
<meta http-equiv="Content-Type" content="text/html;charset=utf-8" />
  <meta name='ocr-system' content='tesseract 3.04.00' />
  <meta name='ocr-capabilities' content='ocr_page ocr_carea ocr_par ocr_line ocrx_word'/>
</head>
<body>
  <div class='ocr_page' id='page_1' title='image "./tlucreticarider20carugoog_0198.png"; bbox 0 0 2500 3882; ppageno 0'>
   <div class='ocr_carea' id='block_1_1' title="bbox 581 209 1110 275">
    <p class='ocr_par' dir='ltr' id='par_1_1' title="bbox 581 209 1110 275">
     <span class='ocr_line' id='line_1_1' title="bbox 581 209 1110 275; baseline 0 -1"><span class='ocrx_word' id='word_1_1' title='bbox 581 209 621 262; x_wconf 90' lang='lat' dir='ltr'><strong>IV</strong></span> <span class='ocrx_word' id='word_1_2' title='bbox 1047 210 1110 275; x_wconf 84' lang='lat'><strong>109</strong></span> 
     </span>
    </p>
   </div>
   <div class='ocr_carea' id='block_1_2' title="bbox 97 356 1113 3605">
    <p class='ocr_par' dir='ltr' id='par_1_2' title="bbox 170 356 1110 525">
     <span class='ocr_line' id='line_1_2' title="bbox 170 356 1110 438; baseline 0.002 -21"><span class='ocrx_word' id='word_1_3' title='bbox 170 357 250 417; x_wconf 92' lang='lat' dir='ltr'><strong>uude</strong></span> <span class='ocrx_word' id='word_1_4' title='bbox 273 359 347 417; x_wconf 89' lang='lat' dir='ltr'><strong>sciat</strong></span> <span class='ocrx_word' id='word_1_5' title='bbox 369 356 441 435; x_wconf 90' lang='lat' dir='ltr'><strong>quid</strong></span> <span class='ocrx_word' id='word_1_6' title='bbox 464 359 503 416; x_wconf 92' lang='lat' dir='ltr'><strong>sit</strong></span> <span class='ocrx_word' id='word_1_7' title='bbox 526 359 603 418; x_wconf 88' lang='lat' dir='ltr'><strong>scire</strong></span> <span class='ocrx_word' id='word_1_8' title='bbox 626 365 657 417; x_wconf 88' lang='lat' dir='ltr'><strong>ct</strong></span> <span class='ocrx_word' id='word_1_9' title='bbox 678 359 795 418; x_wconf 88' lang='lat' dir='ltr'><strong>nescire</strong></span> <span class='ocrx_word' id='word_1_10' title='bbox 817 359 961 438; x_wconf 85' lang='lat' dir='ltr'><strong>vicissim,</strong></span> <span class='ocrx_word' id='word_1_11' title='bbox 1070 379 1110 420; x_wconf 75' lang='lat' dir='ltr'><strong>ors</strong></span> 
     </span>
     <span class='ocr_line' id='line_1_3' title="bbox 170 443 854 525; baseline -0.001 -20"><span class='ocrx_word' id='word_1_12' title='bbox 170 447 307 505; x_wconf 85' lang='lat' dir='ltr'><strong>notitiam</strong></span> <span class='ocrx_word' id='word_1_13' title='bbox 329 447 393 506; x_wconf 86' lang='lat' dir='ltr'><strong>veri</strong></span> <span class='ocrx_word' id='word_1_14' title='bbox 415 463 490 523; x_wconf 89' lang='lat' dir='ltr'><strong>quae</strong></span> <span class='ocrx_word' id='word_1_15' title='bbox 513 463 562 504; x_wconf 89' lang='lat' dir='ltr'><strong>res</strong></span> <span class='ocrx_word' id='word_1_16' title='bbox 585 443 710 524; x_wconf 83' lang='lat' dir='ltr'><strong>salsique</strong></span> <span class='ocrx_word' id='word_1_17' title='bbox 732 447 854 525; x_wconf 88' lang='lat' dir='ltr'><strong>crearit,</strong></span> 
     </span>
    </p>

    <p class='ocr_par' dir='ltr' id='par_1_3' title="bbox 97 533 930 612">
     <span class='ocr_line' id='line_1_4' title="bbox 97 533 930 612; baseline -0.006 -13"><span class='ocrx_word' id='word_1_18' title='bbox 97 551 152 600; x_wconf 79' lang='lat'><strong>460</strong></span> <span class='ocrx_word' id='word_1_19' title='bbox 171 540 202 594; x_wconf 88' lang='lat' dir='ltr'><strong>et</strong></span> <span class='ocrx_word' id='word_1_20' title='bbox 225 533 348 594; x_wconf 93' lang='lat' dir='ltr'><strong>dubium</strong></span> <span class='ocrx_word' id='word_1_21' title='bbox 371 539 452 594; x_wconf 90' lang='lat' dir='ltr'><strong>certo</strong></span> <span class='ocrx_word' id='word_1_22' title='bbox 477 551 551 611; x_wconf 91' lang='lat' dir='ltr'><strong>quae</strong></span> <span class='ocrx_word' id='word_1_23' title='bbox 574 551 623 594; x_wconf 89' lang='lat' dir='ltr'><strong>res</strong></span> <span class='ocrx_word' id='word_1_24' title='bbox 647 533 767 595; x_wconf 80' lang='lat' dir='ltr'><strong>differre</strong></span> <span class='ocrx_word' id='word_1_25' title='bbox 789 533 930 612; x_wconf 90' lang='lat' dir='ltr'><strong>probarit.</strong></span> 
     </span>
    </p>

    <p class='ocr_par' dir='ltr' id='par_1_4' title="bbox 97 619 1110 966">
     <span class='ocr_line' id='line_1_5' title="bbox 97 619 895 700; baseline 0 -19"><span class='ocrx_word' id='word_1_26' title='bbox 97 637 154 688; x_wconf 80' lang='lat'><strong>476</strong></span> <span class='ocrx_word' id='word_1_27' title='bbox 171 622 305 681; x_wconf 89' lang='lat' dir='ltr'><strong>invenies</strong></span> <span class='ocrx_word' id='word_1_28' title='bbox 327 622 433 700; x_wconf 89' lang='lat' dir='ltr'><strong>primis</strong></span> <span class='ocrx_word' id='word_1_29' title='bbox 456 619 492 680; x_wconf 92' lang='lat' dir='ltr'><strong>ab</strong></span> <span class='ocrx_word' id='word_1_30' title='bbox 516 621 654 682; x_wconf 79' lang='lat' dir='ltr'>sensibus</span> <span class='ocrx_word' id='word_1_31' title='bbox 677 639 742 682; x_wconf 92' lang='lat' dir='ltr'><strong>esse</strong></span> <span class='ocrx_word' id='word_1_32' title='bbox 766 628 895 682; x_wconf 88' lang='lat' dir='ltr'><strong>creatam</strong></span> 
     </span>
     <span class='ocr_line' id='line_1_6' title="bbox 171 709 890 789; baseline 0.001 -20"><span class='ocrx_word' id='word_1_33' title='bbox 171 710 308 769; x_wconf 83' lang='lat' dir='ltr'><strong>notitiem</strong></span> <span class='ocrx_word' id='word_1_34' title='bbox 329 710 405 789; x_wconf 88' lang='lat' dir='ltr'><strong>veri,</strong></span> <span class='ocrx_word' id='word_1_35' title='bbox 427 726 524 787; x_wconf 91' lang='lat' dir='ltr'><strong>neque</strong></span> <span class='ocrx_word' id='word_1_36' title='bbox 548 726 653 770; x_wconf 90' lang='lat' dir='ltr'><strong>sensus</strong></span> <span class='ocrx_word' id='word_1_37' title='bbox 676 728 764 788; x_wconf 92' lang='lat' dir='ltr'><strong>posse</strong></span> <span class='ocrx_word' id='word_1_38' title='bbox 787 709 890 770; x_wconf 85' lang='lat' dir='ltr'><strong>refelli.</strong></span> 
     </span>
     <span class='ocr_line' id='line_1_7' title="bbox 171 795 1110 877; baseline 0.001 -20"><span class='ocrx_word' id='word_1_39' title='bbox 171 815 240 857; x_wconf 99' lang='lat' dir='ltr'><strong>nam</strong></span> <span class='ocrx_word' id='word_1_40' title='bbox 262 798 373 856; x_wconf 90' lang='lat' dir='ltr'><strong>maiore</strong></span> <span class='ocrx_word' id='word_1_41' title='bbox 397 796 454 856; x_wconf 90' lang='lat' dir='ltr'><strong>lide</strong></span> <span class='ocrx_word' id='word_1_42' title='bbox 477 795 566 858; x_wconf 91' lang='lat' dir='ltr'><strong>debet</strong></span> <span class='ocrx_word' id='word_1_43' title='bbox 588 799 748 876; x_wconf 80' lang='lat' dir='ltr'><strong>reperirier</strong></span> <span class='ocrx_word' id='word_1_44' title='bbox 771 796 856 877; x_wconf 94' lang='lat' dir='ltr'><strong>illud,</strong></span> <span class='ocrx_word' id='word_1_45' title='bbox 882 833 885 838; x_wconf 90' lang='lat'>-</span> <span class='ocrx_word' id='word_1_46' title='bbox 1069 819 1110 858; x_wconf 72' lang='lat' dir='ltr'><strong>seo</strong></span> 
     </span>
     <span class='ocr_line' id='line_1_8' title="bbox 172 884 922 966; baseline 0 -21"><span class='ocrx_word' id='word_1_47' title='bbox 172 891 277 966; x_wconf 84' lang='lat' dir='ltr'><strong>sponte</strong></span> <span class='ocrx_word' id='word_1_48' title='bbox 300 902 354 945; x_wconf 89' lang='lat' dir='ltr'><strong>sua</strong></span> <span class='ocrx_word' id='word_1_49' title='bbox 375 885 455 944; x_wconf 90' lang='lat' dir='ltr'><strong>veris</strong></span> <span class='ocrx_word' id='word_1_50' title='bbox 479 884 558 963; x_wconf 94' lang='lat' dir='ltr'><strong>quod</strong></span> <span class='ocrx_word' id='word_1_51' title='bbox 579 887 674 963; x_wconf 91' lang='lat' dir='ltr'><strong>possit</strong></span> <span class='ocrx_word' id='word_1_52' title='bbox 696 887 814 946; x_wconf 90' lang='lat' dir='ltr'><strong>vincere</strong></span> <span class='ocrx_word' id='word_1_53' title='bbox 838 885 922 945; x_wconf 75' lang='lat' dir='ltr'><strong>falsat</strong></span> 
     </span>
    </p>

    <p class='ocr_par' dir='ltr' id='par_1_5' title="bbox 99 971 934 1052">
     <span class='ocr_line' id='line_1_9' title="bbox 99 971 934 1052; baseline -0.01 -12"><span class='ocrx_word' id='word_1_54' title='bbox 99 989 153 1040; x_wconf 80' lang='lat'><strong>465</strong></span> <span class='ocrx_word' id='word_1_55' title='bbox 172 972 244 1052; x_wconf 92' lang='lat' dir='ltr'><strong>quid</strong></span> <span class='ocrx_word' id='word_1_56' title='bbox 266 975 376 1033; x_wconf 87' lang='lat' dir='ltr'><strong>maiore</strong></span> <span class='ocrx_word' id='word_1_57' title='bbox 400 971 457 1032; x_wconf 90' lang='lat' dir='ltr'><strong>lide</strong></span> <span class='ocrx_word' id='word_1_58' title='bbox 480 989 569 1052; x_wconf 91' lang='lat' dir='ltr'><strong>porro</strong></span> <span class='ocrx_word' id='word_1_59' title='bbox 594 991 681 1051; x_wconf 92' lang='lat' dir='ltr'><strong>quam</strong></span> <span class='ocrx_word' id='word_1_60' title='bbox 704 989 809 1033; x_wconf 89' lang='lat' dir='ltr'><strong>sensus</strong></span> <span class='ocrx_word' id='word_1_61' title='bbox 831 973 934 1033; x_wconf 91' lang='lat' dir='ltr'><strong>haberi</strong></span> 
     </span>
    </p>

    <p class='ocr_par' dir='ltr' id='par_1_6' title="bbox 98 1057 1110 1405">
     <span class='ocr_line' id='line_1_10' title="bbox 98 1057 938 1128; baseline 0 -7"><span class='ocrx_word' id='word_1_62' title='bbox 98 1077 154 1128; x_wconf 80' lang='lat'><strong>481</strong></span> <span class='ocrx_word' id='word_1_63' title='bbox 171 1057 281 1121; x_wconf 83' lang='lat' dir='ltr'><strong>debet?</strong></span> <span class='ocrx_word' id='word_1_64' title='bbox 317 1079 354 1120; x_wconf 91' lang='lat' dir='ltr'><strong>an</strong></span> <span class='ocrx_word' id='word_1_65' title='bbox 377 1059 414 1120; x_wconf 90' lang='lat' dir='ltr'><strong>ab</strong></span> <span class='ocrx_word' id='word_1_66' title='bbox 437 1077 527 1120; x_wconf 89' lang='lat' dir='ltr'><strong>sensu</strong></span> <span class='ocrx_word' id='word_1_67' title='bbox 550 1059 623 1120; x_wconf 85' lang='lat' dir='ltr'><strong>falso</strong></span> <span class='ocrx_word' id='word_1_68' title='bbox 646 1062 721 1122; x_wconf 87' lang='lat' dir='ltr'><strong>ratio</strong></span> <span class='ocrx_word' id='word_1_69' title='bbox 745 1067 809 1120; x_wconf 88' lang='lat' dir='ltr'><strong>orta</strong></span> <span class='ocrx_word' id='word_1_70' title='bbox 831 1060 938 1121; x_wconf 82' lang='lat' dir='ltr'><strong>valebit</strong></span> 
     </span>
     <span class='ocr_line' id='line_1_11' title="bbox 173 1145 1028 1228; baseline -0.002 -18"><span class='ocrx_word' id='word_1_71' title='bbox 173 1149 273 1210; x_wconf 84' lang='lat' dir='ltr'><strong>dicere</strong></span> <span class='ocrx_word' id='word_1_72' title='bbox 296 1166 347 1209; x_wconf 91' lang='lat' dir='ltr'><strong>eos</strong></span> <span class='ocrx_word' id='word_1_73' title='bbox 370 1155 486 1228; x_wconf 88' lang='lat' dir='ltr'><strong>contra,</strong></span> <span class='ocrx_word' id='word_1_74' title='bbox 510 1166 584 1226; x_wconf 90' lang='lat' dir='ltr'><strong>quae</strong></span> <span class='ocrx_word' id='word_1_75' title='bbox 607 1155 669 1209; x_wconf 89' lang='lat' dir='ltr'><strong>tota</strong></span> <span class='ocrx_word' id='word_1_76' title='bbox 691 1148 727 1209; x_wconf 90' lang='lat' dir='ltr'><strong>ab</strong></span> <span class='ocrx_word' id='word_1_77' title='bbox 751 1149 887 1209; x_wconf 89' lang='lat' dir='ltr'><strong>sensibus</strong></span> <span class='ocrx_word' id='word_1_78' title='bbox 911 1145 1028 1228; x_wconf 83' lang='lat' dir='ltr'><strong>aptast?</strong></span> 
     </span>
     <span class='ocr_line' id='line_1_12' title="bbox 172 1236 1110 1316; baseline 0 -18"><span class='ocrx_word' id='word_1_79' title='bbox 172 1239 225 1316; x_wconf 92' lang='lat' dir='ltr'><strong>qui</strong></span> <span class='ocrx_word' id='word_1_80' title='bbox 247 1238 306 1298; x_wconf 92' lang='lat' dir='ltr'><strong>nisi</strong></span> <span class='ocrx_word' id='word_1_81' title='bbox 329 1243 399 1296; x_wconf 88' lang='lat' dir='ltr'><strong>sunt</strong></span> <span class='ocrx_word' id='word_1_82' title='bbox 420 1238 496 1316; x_wconf 90' lang='lat' dir='ltr'><strong>veri,</strong></span> <span class='ocrx_word' id='word_1_83' title='bbox 519 1238 595 1296; x_wconf 81' lang='lat' dir='ltr'><strong>ratio</strong></span> <span class='ocrx_word' id='word_1_84' title='bbox 618 1254 734 1316; x_wconf 91' lang='lat' dir='ltr'><strong>quoque</strong></span> <span class='ocrx_word' id='word_1_85' title='bbox 758 1236 831 1297; x_wconf 86' lang='lat' dir='ltr'><strong>ialsa</strong></span> <span class='ocrx_word' id='word_1_86' title='bbox 853 1237 886 1296; x_wconf 87' lang='lat' dir='ltr'><strong>fit</strong></span> <span class='ocrx_word' id='word_1_87' title='bbox 909 1239 1013 1298; x_wconf 91' lang='lat' dir='ltr'><strong>omnis.</strong></span> <span class='ocrx_word' id='word_1_88' title='bbox 1071 1257 1110 1298; x_wconf 72' lang='lat' dir='ltr'><strong>ses</strong></span> 
     </span>
     <span class='ocr_line' id='line_1_13' title="bbox 172 1323 1032 1405; baseline -0.001 -20"><span class='ocrx_word' id='word_1_89' title='bbox 172 1343 210 1385; x_wconf 89' lang='lat' dir='ltr'><strong>an</strong></span> <span class='ocrx_word' id='word_1_90' title='bbox 232 1331 372 1404; x_wconf 88' lang='lat' dir='ltr'><strong>poterunt</strong></span> <span class='ocrx_word' id='word_1_91' title='bbox 395 1323 496 1384; x_wconf 92' lang='lat' dir='ltr'><strong>oculos</strong></span> <span class='ocrx_word' id='word_1_92' title='bbox 519 1342 606 1384; x_wconf 88' lang='lat' dir='ltr'><strong>aures</strong></span> <span class='ocrx_word' id='word_1_93' title='bbox 629 1325 861 1405; x_wconf 83' lang='lat' dir='ltr'><strong>reprehendere,</strong></span> <span class='ocrx_word' id='word_1_94' title='bbox 884 1343 921 1384; x_wconf 91' lang='lat' dir='ltr'><strong>an</strong></span> <span class='ocrx_word' id='word_1_95' title='bbox 945 1342 1032 1385; x_wconf 87' lang='lat' dir='ltr'><strong>aures</strong></span> 
     </span>
    </p>

    <p class='ocr_par' dir='ltr' id='par_1_7' title="bbox 100 1408 1042 1493">
     <span class='ocr_line' id='line_1_14' title="bbox 100 1408 1042 1493; baseline -0.001 -20"><span class='ocrx_word' id='word_1_96' title='bbox 100 1430 153 1481; x_wconf 75' lang='lat'><strong>4⁷0</strong></span> <span class='ocrx_word' id='word_1_97' title='bbox 171 1408 290 1474; x_wconf 83' lang='lat' dir='ltr'><strong>tactus?</strong></span> <span class='ocrx_word' id='word_1_98' title='bbox 325 1431 363 1472; x_wconf 85' lang='lat' dir='ltr'><strong>an</strong></span> <span class='ocrx_word' id='word_1_99' title='bbox 385 1412 465 1472; x_wconf 90' lang='lat' dir='ltr'><strong>bunc</strong></span> <span class='ocrx_word' id='word_1_100' title='bbox 487 1429 576 1490; x_wconf 90' lang='lat' dir='ltr'><strong>porro</strong></span> <span class='ocrx_word' id='word_1_101' title='bbox 598 1418 709 1474; x_wconf 84' lang='lat' dir='ltr'><strong>tactum</strong></span> <span class='ocrx_word' id='word_1_102' title='bbox 732 1430 820 1492; x_wconf 90' lang='lat' dir='ltr'><strong>sapor</strong></span> <span class='ocrx_word' id='word_1_103' title='bbox 842 1419 945 1491; x_wconf 81' lang='lat' dir='ltr'><strong>arguet</strong></span> <span class='ocrx_word' id='word_1_104' title='bbox 968 1414 1042 1493; x_wconf 91' lang='lat' dir='ltr'><strong>oris,</strong></span> 
     </span>
    </p>

    <p class='ocr_par' dir='ltr' id='par_1_8' title="bbox 99 1497 1112 1844">
     <span class='ocr_line' id='line_1_15' title="bbox 99 1497 868 1570; baseline -0.003 -8"><span class='ocrx_word' id='word_1_105' title='bbox 99 1519 156 1570; x_wconf 79' lang='lat'><strong>486</strong></span> <span class='ocrx_word' id='word_1_106' title='bbox 171 1519 210 1562; x_wconf 88' lang='lat' dir='ltr'><strong>an</strong></span> <span class='ocrx_word' id='word_1_107' title='bbox 233 1499 427 1562; x_wconf 84' lang='lat' dir='ltr'><strong>confutabunt</strong></span> <span class='ocrx_word' id='word_1_108' title='bbox 448 1517 535 1560; x_wconf 89' lang='lat' dir='ltr'><strong>nares</strong></span> <span class='ocrx_word' id='word_1_109' title='bbox 559 1499 672 1560; x_wconf 86' lang='lat' dir='ltr'><strong>oculive</strong></span> <span class='ocrx_word' id='word_1_110' title='bbox 694 1497 868 1561; x_wconf 75' lang='lat' dir='ltr'><strong>revincent?</strong></span> 
     </span>
     <span class='ocr_line' id='line_1_16' title="bbox 172 1590 1089 1669; baseline -0.001 -20"><span class='ocrx_word' id='word_1_111' title='bbox 172 1608 245 1669; x_wconf 91' lang='lat' dir='ltr'><strong>non,</strong></span> <span class='ocrx_word' id='word_1_112' title='bbox 268 1595 301 1649; x_wconf 94' lang='lat' dir='ltr'><strong>ut</strong></span> <span class='ocrx_word' id='word_1_113' title='bbox 324 1590 442 1668; x_wconf 94' lang='lat' dir='ltr'><strong>opinor,</strong></span> <span class='ocrx_word' id='word_1_114' title='bbox 465 1590 542 1650; x_wconf 90' lang='lat' dir='ltr'><strong>itast.</strong></span> <span class='ocrx_word' id='word_1_115' title='bbox 578 1606 647 1648; x_wconf 95' lang='lat' dir='ltr'><strong>nam</strong></span> <span class='ocrx_word' id='word_1_116' title='bbox 670 1606 804 1648; x_wconf 89' lang='lat' dir='ltr'><strong>seorsum</strong></span> <span class='ocrx_word' id='word_1_117' title='bbox 828 1590 935 1667; x_wconf 89' lang='lat' dir='ltr'><strong>cuique</strong></span> <span class='ocrx_word' id='word_1_118' title='bbox 958 1595 1089 1667; x_wconf 87' lang='lat' dir='ltr'><strong>potestas</strong></span> 
     </span>
     <span class='ocr_line' id='line_1_17' title="bbox 173 1676 1112 1757; baseline -0.001 -18"><span class='ocrx_word' id='word_1_119' title='bbox 173 1678 308 1757; x_wconf 87' lang='lat' dir='ltr'><strong>divisast,</strong></span> <span class='ocrx_word' id='word_1_120' title='bbox 332 1694 385 1738; x_wconf 89' lang='lat' dir='ltr'><strong>sua</strong></span> <span class='ocrx_word' id='word_1_121' title='bbox 407 1679 452 1736; x_wconf 93' lang='lat' dir='ltr'><strong>vis</strong></span> <span class='ocrx_word' id='word_1_122' title='bbox 475 1677 624 1757; x_wconf 86' lang='lat' dir='ltr'><strong>cuiquest,</strong></span> <span class='ocrx_word' id='word_1_123' title='bbox 647 1676 772 1755; x_wconf 92' lang='lat' dir='ltr'><strong>ideoque</strong></span> <span class='ocrx_word' id='word_1_124' title='bbox 795 1683 947 1738; x_wconf 88' lang='lat' dir='ltr'><strong>necessest</strong></span> <span class='ocrx_word' id='word_1_125' title='bbox 1070 1699 1112 1738; x_wconf 76' lang='lat' dir='ltr'><strong>reo</strong></span> 
     </span>
     <span class='ocr_line' id='line_1_18' title="bbox 173 1763 1016 1844; baseline -0.001 -17"><span class='ocrx_word' id='word_1_126' title='bbox 173 1774 203 1827; x_wconf 88' lang='lat' dir='ltr'><strong>ct</strong></span> <span class='ocrx_word' id='word_1_127' title='bbox 225 1764 305 1844; x_wconf 90' lang='lat' dir='ltr'><strong>quod</strong></span> <span class='ocrx_word' id='word_1_128' title='bbox 326 1763 415 1824; x_wconf 88' lang='lat' dir='ltr'><strong>molle</strong></span> <span class='ocrx_word' id='word_1_129' title='bbox 438 1766 478 1824; x_wconf 90' lang='lat' dir='ltr'><strong>sit</strong></span> <span class='ocrx_word' id='word_1_130' title='bbox 499 1771 530 1824; x_wconf 88' lang='lat' dir='ltr'><strong>et</strong></span> <span class='ocrx_word' id='word_1_131' title='bbox 552 1764 681 1842; x_wconf 81' lang='lat' dir='ltr'><strong>gelidum</strong></span> <span class='ocrx_word' id='word_1_132' title='bbox 704 1765 857 1826; x_wconf 77' lang='lat' dir='ltr'><strong>fervensve</strong></span> <span class='ocrx_word' id='word_1_133' title='bbox 881 1781 1016 1826; x_wconf 90' lang='lat' dir='ltr'><strong>seorsum</strong></span> 
     </span>
    </p>

    <p class='ocr_par' dir='ltr' id='par_1_9' title="bbox 98 1853 888 1934">
     <span class='ocr_line' id='line_1_19' title="bbox 98 1853 888 1934; baseline -0.013 -12"><span class='ocrx_word' id='word_1_134' title='bbox 98 1870 152 1921; x_wconf 79' lang='lat'><strong>475</strong></span> <span class='ocrx_word' id='word_1_135' title='bbox 173 1861 203 1914; x_wconf 97' lang='lat' dir='ltr'><strong>et</strong></span> <span class='ocrx_word' id='word_1_136' title='bbox 226 1871 360 1914; x_wconf 90' lang='lat' dir='ltr'><strong>seorsum</strong></span> <span class='ocrx_word' id='word_1_137' title='bbox 382 1854 479 1911; x_wconf 89' lang='lat' dir='ltr'><strong>varios</strong></span> <span class='ocrx_word' id='word_1_138' title='bbox 501 1870 603 1912; x_wconf 89' lang='lat' dir='ltr'><strong>rerum</strong></span> <span class='ocrx_word' id='word_1_139' title='bbox 626 1854 737 1914; x_wconf 89' lang='lat' dir='ltr'><strong>sentire</strong></span> <span class='ocrx_word' id='word_1_140' title='bbox 761 1853 888 1934; x_wconf 80' lang='lat' dir='ltr'><strong>colerae,</strong></span> 
     </span>
    </p>

    <p class='ocr_par' dir='ltr' id='par_1_10' title="bbox 98 1935 1109 2283">
     <span class='ocr_line' id='line_1_20' title="bbox 98 1935 1041 2024; baseline 0 -24"><span class='ocrx_word' id='word_1_141' title='bbox 98 1958 152 2010; x_wconf 79' lang='lat'><strong>491</strong></span> <span class='ocrx_word' id='word_1_142' title='bbox 171 1935 180 2024; x_wconf 76' lang='lat' dir='ltr'><strong>d</strong></span> <span class='ocrx_word' id='word_1_143' title='bbox 194 1947 224 2000; x_wconf 91' lang='lat' dir='ltr'><strong>et</strong></span> <span class='ocrx_word' id='word_1_144' title='bbox 247 1958 448 2019; x_wconf 87' lang='lat' dir='ltr'><strong>quaecumque</strong></span> <span class='ocrx_word' id='word_1_145' title='bbox 471 1939 612 2000; x_wconf 86' lang='lat' dir='ltr'><strong>coloribu&#39;</strong></span> <span class='ocrx_word' id='word_1_146' title='bbox 635 1943 695 2002; x_wconf 89' lang='lat' dir='ltr'><strong>sint</strong></span> <span class='ocrx_word' id='word_1_147' title='bbox 717 1943 874 2002; x_wconf 88' lang='lat' dir='ltr'><strong>coniuncta</strong></span> <span class='ocrx_word' id='word_1_148' title='bbox 896 1940 1010 2002; x_wconf 92' lang='lat' dir='ltr'><strong>videre:</strong></span> <span class='ocrx_word' id='word_1_149' title='bbox 1030 1936 1041 2020; x_wconf 80' lang='grc' dir='ltr'><strong>ΙΙ</strong></span> 
     </span>
     <span class='ocr_line' id='line_1_21' title="bbox 173 2028 1060 2109; baseline -0.001 -20"><span class='ocrx_word' id='word_1_150' title='bbox 173 2047 293 2090; x_wconf 90' lang='lat' dir='ltr'><strong>seorsus</strong></span> <span class='ocrx_word' id='word_1_151' title='bbox 315 2031 388 2088; x_wconf 89' lang='lat' dir='ltr'><strong>item</strong></span> <span class='ocrx_word' id='word_1_152' title='bbox 411 2045 499 2106; x_wconf 89' lang='lat' dir='ltr'><strong>sapor</strong></span> <span class='ocrx_word' id='word_1_153' title='bbox 521 2029 581 2088; x_wconf 91' lang='lat' dir='ltr'><strong>oris</strong></span> <span class='ocrx_word' id='word_1_154' title='bbox 604 2028 693 2089; x_wconf 90' lang='lat' dir='ltr'><strong>babet</strong></span> <span class='ocrx_word' id='word_1_155' title='bbox 714 2031 787 2109; x_wconf 91' lang='lat' dir='ltr'><strong>vim,</strong></span> <span class='ocrx_word' id='word_1_156' title='bbox 811 2046 931 2089; x_wconf 92' lang='lat' dir='ltr'><strong>seorsus</strong></span> <span class='ocrx_word' id='word_1_157' title='bbox 954 2029 1060 2088; x_wconf 91' lang='lat' dir='ltr'><strong>odores</strong></span> 
     </span>
     <span class='ocr_line' id='line_1_22' title="bbox 172 2116 1109 2196; baseline 0 -19"><span class='ocrx_word' id='word_1_158' title='bbox 172 2124 347 2196; x_wconf 89' lang='lat' dir='ltr'><strong>nascuntur,</strong></span> <span class='ocrx_word' id='word_1_159' title='bbox 370 2133 487 2176; x_wconf 90' lang='lat' dir='ltr'><strong>sorsum</strong></span> <span class='ocrx_word' id='word_1_160' title='bbox 510 2117 632 2176; x_wconf 88' lang='lat' dir='ltr'><strong>sonitus.</strong></span> <span class='ocrx_word' id='word_1_161' title='bbox 669 2116 794 2195; x_wconf 92' lang='lat' dir='ltr'><strong>ideoque</strong></span> <span class='ocrx_word' id='word_1_162' title='bbox 817 2125 969 2178; x_wconf 85' lang='lat' dir='ltr'><strong>necessest</strong></span> <span class='ocrx_word' id='word_1_163' title='bbox 1069 2136 1109 2178; x_wconf 74' lang='lat' dir='ltr'><strong>eos</strong></span> 
     </span>
     <span class='ocr_line' id='line_1_23' title="bbox 172 2202 874 2283; baseline -0.001 -18"><span class='ocrx_word' id='word_1_164' title='bbox 172 2223 232 2265; x_wconf 92' lang='lat' dir='ltr'><strong>non</strong></span> <span class='ocrx_word' id='word_1_165' title='bbox 255 2206 370 2283; x_wconf 92' lang='lat' dir='ltr'><strong>possint</strong></span> <span class='ocrx_word' id='word_1_166' title='bbox 392 2203 465 2264; x_wconf 92' lang='lat' dir='ltr'><strong>alios</strong></span> <span class='ocrx_word' id='word_1_167' title='bbox 488 2202 539 2262; x_wconf 90' lang='lat' dir='ltr'><strong>alii</strong></span> <span class='ocrx_word' id='word_1_168' title='bbox 562 2205 736 2264; x_wconf 85' lang='lat' dir='ltr'><strong>convincere</strong></span> <span class='ocrx_word' id='word_1_169' title='bbox 760 2221 874 2264; x_wconf 90' lang='lat' dir='ltr'><strong>sensus.</strong></span> 
     </span>
    </p>

    <p class='ocr_par' dir='ltr' id='par_1_11' title="bbox 97 2291 927 2371">
     <span class='ocr_line' id='line_1_24' title="bbox 97 2291 927 2371; baseline -0.007 -15"><span class='ocrx_word' id='word_1_170' title='bbox 97 2310 154 2360; x_wconf 75' lang='lat'><strong>480</strong></span> <span class='ocrx_word' id='word_1_171' title='bbox 172 2311 229 2353; x_wconf 90' lang='lat' dir='ltr'><strong>nec</strong></span> <span class='ocrx_word' id='word_1_172' title='bbox 251 2310 340 2371; x_wconf 92' lang='lat' dir='ltr'><strong>porro</strong></span> <span class='ocrx_word' id='word_1_173' title='bbox 362 2297 503 2371; x_wconf 87' lang='lat' dir='ltr'><strong>poterunt</strong></span> <span class='ocrx_word' id='word_1_174' title='bbox 525 2293 584 2370; x_wconf 92' lang='lat' dir='ltr'><strong>ipsi</strong></span> <span class='ocrx_word' id='word_1_175' title='bbox 606 2291 823 2370; x_wconf 87' lang='lat' dir='ltr'><strong>reprehendere</strong></span> <span class='ocrx_word' id='word_1_176' title='bbox 848 2309 927 2371; x_wconf 89' lang='lat' dir='ltr'><strong>sese,</strong></span> 
     </span>
    </p>

    <p class='ocr_par' dir='ltr' id='par_1_12' title="bbox 98 2378 1111 2723">
     <span class='ocr_line' id='line_1_25' title="bbox 98 2378 940 2459; baseline -0.005 -17"><span class='ocrx_word' id='word_1_177' title='bbox 98 2398 156 2449; x_wconf 77' lang='lat'><strong>496</strong></span> <span class='ocrx_word' id='word_1_178' title='bbox 170 2398 264 2459; x_wconf 88' lang='lat' dir='ltr'><strong>aequa</strong></span> <span class='ocrx_word' id='word_1_179' title='bbox 287 2379 360 2440; x_wconf 86' lang='lat' dir='ltr'><strong>tides</strong></span> <span class='ocrx_word' id='word_1_180' title='bbox 384 2381 523 2458; x_wconf 89' lang='lat' dir='ltr'><strong>quoniam</strong></span> <span class='ocrx_word' id='word_1_181' title='bbox 545 2378 666 2440; x_wconf 83' lang='lat' dir='ltr'><strong>debebit</strong></span> <span class='ocrx_word' id='word_1_182' title='bbox 689 2397 807 2458; x_wconf 88' lang='lat' dir='ltr'><strong>semper</strong></span> <span class='ocrx_word' id='word_1_183' title='bbox 828 2378 940 2439; x_wconf 90' lang='lat' dir='ltr'><strong>baberi.</strong></span> 
     </span>
     <span class='ocr_line' id='line_1_26' title="bbox 172 2467 1108 2548; baseline 0 -20"><span class='ocrx_word' id='word_1_184' title='bbox 172 2468 297 2548; x_wconf 88' lang='lat' dir='ltr'><strong>proinde</strong></span> <span class='ocrx_word' id='word_1_185' title='bbox 316 2467 394 2547; x_wconf 94' lang='lat' dir='ltr'><strong>quod</strong></span> <span class='ocrx_word' id='word_1_186' title='bbox 412 2470 444 2528; x_wconf 93' lang='lat' dir='ltr'><strong>in</strong></span> <span class='ocrx_word' id='word_1_187' title='bbox 462 2474 610 2546; x_wconf 83' lang='lat' dir='ltr'><strong>quoquest</strong></span> <span class='ocrx_word' id='word_1_188' title='bbox 626 2468 673 2527; x_wconf 95' lang='lat' dir='ltr'><strong>his</strong></span> <span class='ocrx_word' id='word_1_189' title='bbox 692 2469 788 2528; x_wconf 91' lang='lat' dir='ltr'><strong>visum</strong></span> <span class='ocrx_word' id='word_1_190' title='bbox 806 2474 949 2548; x_wconf 86' lang='lat' dir='ltr'><strong>tompore,</strong></span> <span class='ocrx_word' id='word_1_191' title='bbox 969 2475 1108 2528; x_wconf 89' lang='lat' dir='ltr'><strong>verumst.</strong></span> 
     </span>
     <span class='ocr_line' id='line_1_27' title="bbox 173 2554 1111 2634; baseline 0.002 -17"><span class='ocrx_word' id='word_1_192' title='bbox 173 2557 252 2618; x_wconf 87' lang='lat' dir='ltr'><strong>etsi</strong></span> <span class='ocrx_word' id='word_1_193' title='bbox 275 2574 334 2616; x_wconf 91' lang='lat' dir='ltr'><strong>non</strong></span> <span class='ocrx_word' id='word_1_194' title='bbox 356 2558 467 2634; x_wconf 89' lang='lat' dir='ltr'><strong>poterit</strong></span> <span class='ocrx_word' id='word_1_195' title='bbox 488 2558 563 2616; x_wconf 91' lang='lat' dir='ltr'><strong>ratio</strong></span> <span class='ocrx_word' id='word_1_196' title='bbox 587 2554 748 2616; x_wconf 90' lang='lat' dir='ltr'><strong>dissolvere</strong></span> <span class='ocrx_word' id='word_1_197' title='bbox 771 2573 904 2634; x_wconf 90' lang='lat' dir='ltr'><strong>causam,</strong></span> <span class='ocrx_word' id='word_1_198' title='bbox 1070 2578 1111 2619; x_wconf 79' lang='lat' dir='ltr'><strong>eoo</strong></span> 
     </span>
     <span class='ocr_line' id='line_1_28' title="bbox 174 2643 1032 2723; baseline 0.001 -19"><span class='ocrx_word' id='word_1_199' title='bbox 174 2663 228 2705; x_wconf 94' lang='lat' dir='ltr'><strong>cur</strong></span> <span class='ocrx_word' id='word_1_200' title='bbox 251 2661 382 2722; x_wconf 89' lang='lat' dir='ltr'><strong>eaquae</strong></span> <span class='ocrx_word' id='word_1_201' title='bbox 406 2643 517 2704; x_wconf 88' lang='lat' dir='ltr'><strong>luerint</strong></span> <span class='ocrx_word' id='word_1_202' title='bbox 539 2645 644 2704; x_wconf 84' lang='lat' dir='ltr'><strong>iuxtim</strong></span> <span class='ocrx_word' id='word_1_203' title='bbox 668 2643 822 2723; x_wconf 89' lang='lat' dir='ltr'><strong>quadrata,</strong></span> <span class='ocrx_word' id='word_1_204' title='bbox 843 2643 948 2721; x_wconf 90' lang='lat' dir='ltr'><strong>procul</strong></span> <span class='ocrx_word' id='word_1_205' title='bbox 971 2646 1032 2705; x_wconf 92' lang='lat' dir='ltr'><strong>sint</strong></span> 
     </span>
    </p>

    <p class='ocr_par' dir='ltr' id='par_1_13' title="bbox 99 2731 977 2812">
     <span class='ocr_line' id='line_1_29' title="bbox 99 2731 977 2812; baseline -0.005 -15"><span class='ocrx_word' id='word_1_206' title='bbox 99 2748 154 2800; x_wconf 81' lang='lat'><strong>485</strong></span> <span class='ocrx_word' id='word_1_207' title='bbox 173 2735 235 2792; x_wconf 85' lang='lat' dir='ltr'><strong>visa</strong></span> <span class='ocrx_word' id='word_1_208' title='bbox 258 2731 398 2812; x_wconf 89' lang='lat' dir='ltr'><strong>rutunda,</strong></span> <span class='ocrx_word' id='word_1_209' title='bbox 421 2738 520 2792; x_wconf 89' lang='lat' dir='ltr'><strong>tamen</strong></span> <span class='ocrx_word' id='word_1_210' title='bbox 541 2738 672 2810; x_wconf 86' lang='lat' dir='ltr'><strong>praestat</strong></span> <span class='ocrx_word' id='word_1_211' title='bbox 693 2733 817 2793; x_wconf 91' lang='lat' dir='ltr'><strong>rationis</strong></span> <span class='ocrx_word' id='word_1_212' title='bbox 840 2739 977 2810; x_wconf 81' lang='lat' dir='ltr'><strong>egentem</strong></span> 
     </span>
    </p>

    <p class='ocr_par' dir='ltr' id='par_1_14' title="bbox 100 2818 1112 3161">
     <span class='ocr_line' id='line_1_30' title="bbox 100 2818 914 2900; baseline -0.012 -10"><span class='ocrx_word' id='word_1_213' title='bbox 100 2837 157 2889; x_wconf 86' lang='lat'><strong>501</strong></span> <span class='ocrx_word' id='word_1_214' title='bbox 173 2820 299 2880; x_wconf 92' lang='lat' dir='ltr'><strong>reddere</strong></span> <span class='ocrx_word' id='word_1_215' title='bbox 321 2818 463 2880; x_wconf 92' lang='lat' dir='ltr'><strong>mendose</strong></span> <span class='ocrx_word' id='word_1_216' title='bbox 486 2837 589 2880; x_wconf 90' lang='lat' dir='ltr'><strong>causas</strong></span> <span class='ocrx_word' id='word_1_217' title='bbox 611 2821 767 2898; x_wconf 89' lang='lat' dir='ltr'><strong>utriusque</strong></span> <span class='ocrx_word' id='word_1_218' title='bbox 790 2820 914 2900; x_wconf 82' lang='lat' dir='ltr'><strong>figurae,</strong></span> 
     </span>
     <span class='ocr_line' id='line_1_31' title="bbox 174 2906 1014 2988; baseline -0.004 -20"><span class='ocrx_word' id='word_1_219' title='bbox 174 2926 262 2988; x_wconf 93' lang='lat' dir='ltr'><strong>quam</strong></span> <span class='ocrx_word' id='word_1_220' title='bbox 284 2906 420 2968; x_wconf 88' lang='lat' dir='ltr'><strong>manibus</strong></span> <span class='ocrx_word' id='word_1_221' title='bbox 442 2907 598 2968; x_wconf 80' lang='lat' dir='ltr'><strong>manifesta</strong></span> <span class='ocrx_word' id='word_1_222' title='bbox 621 2908 682 2968; x_wconf 91' lang='lat' dir='ltr'><strong>suis</strong></span> <span class='ocrx_word' id='word_1_223' title='bbox 707 2909 842 2968; x_wconf 88' lang='lat' dir='ltr'><strong>emittere</strong></span> <span class='ocrx_word' id='word_1_224' title='bbox 866 2924 1014 2986; x_wconf 90' lang='lat' dir='ltr'><strong>quoquam</strong></span> 
     </span>
     <span class='ocr_line' id='line_1_32' title="bbox 173 2994 1112 3073; baseline 0.001 -16"><span class='ocrx_word' id='word_1_225' title='bbox 173 3003 204 3057; x_wconf 93' lang='lat' dir='ltr'><strong>et</strong></span> <span class='ocrx_word' id='word_1_226' title='bbox 225 2994 335 3055; x_wconf 89' lang='lat' dir='ltr'><strong>violare</strong></span> <span class='ocrx_word' id='word_1_227' title='bbox 359 2995 448 3056; x_wconf 89' lang='lat' dir='ltr'><strong>tidem</strong></span> <span class='ocrx_word' id='word_1_228' title='bbox 469 2997 595 3073; x_wconf 89' lang='lat' dir='ltr'><strong>primam</strong></span> <span class='ocrx_word' id='word_1_229' title='bbox 618 3002 648 3056; x_wconf 91' lang='lat' dir='ltr'><strong>et</strong></span> <span class='ocrx_word' id='word_1_230' title='bbox 670 2994 835 3056; x_wconf 86' lang='lat' dir='ltr'><strong>convellere</strong></span> <span class='ocrx_word' id='word_1_231' title='bbox 857 3002 918 3056; x_wconf 89' lang='lat' dir='ltr'><strong>tota</strong></span> <span class='ocrx_word' id='word_1_232' title='bbox 1073 3016 1112 3058; x_wconf 82' lang='lat' dir='ltr'><strong>sos</strong></span> 
     </span>
     <span class='ocr_line' id='line_1_33' title="bbox 173 3083 883 3161; baseline -0.003 -17"><span class='ocrx_word' id='word_1_233' title='bbox 173 3084 364 3145; x_wconf 81' lang='lat' dir='ltr'><strong>fundamenta</strong></span> <span class='ocrx_word' id='word_1_234' title='bbox 386 3083 494 3161; x_wconf 93' lang='lat' dir='ltr'><strong>quibus</strong></span> <span class='ocrx_word' id='word_1_235' title='bbox 517 3085 635 3143; x_wconf 70' lang='lat' dir='ltr'><strong>truatur</strong></span> <span class='ocrx_word' id='word_1_236' title='bbox 657 3085 717 3144; x_wconf 86' lang='lat' dir='ltr'><strong>vita</strong></span> <span class='ocrx_word' id='word_1_237' title='bbox 738 3083 883 3161; x_wconf 89' lang='lat' dir='ltr'><strong>salusque.</strong></span> 
     </span>
    </p>

    <p class='ocr_par' dir='ltr' id='par_1_15' title="bbox 99 3171 1074 3252">
     <span class='ocr_line' id='line_1_34' title="bbox 99 3171 1074 3252; baseline -0.002 -20"><span class='ocrx_word' id='word_1_238' title='bbox 99 3191 154 3240; x_wconf 81' lang='lat'><strong>490</strong></span> <span class='ocrx_word' id='word_1_239' title='bbox 173 3190 233 3233; x_wconf 91' lang='lat' dir='ltr'><strong>non</strong></span> <span class='ocrx_word' id='word_1_240' title='bbox 255 3171 342 3231; x_wconf 92' lang='lat' dir='ltr'><strong>modo</strong></span> <span class='ocrx_word' id='word_1_241' title='bbox 366 3173 446 3232; x_wconf 91' lang='lat' dir='ltr'><strong>enim</strong></span> <span class='ocrx_word' id='word_1_242' title='bbox 467 3173 542 3231; x_wconf 89' lang='lat' dir='ltr'><strong>ratio</strong></span> <span class='ocrx_word' id='word_1_243' title='bbox 566 3179 632 3232; x_wconf 89' lang='lat' dir='ltr'><strong>ruat</strong></span> <span class='ocrx_word' id='word_1_244' title='bbox 655 3173 765 3252; x_wconf 92' lang='lat' dir='ltr'><strong>omnis,</strong></span> <span class='ocrx_word' id='word_1_245' title='bbox 787 3173 846 3231; x_wconf 89' lang='lat' dir='ltr'><strong>vita</strong></span> <span class='ocrx_word' id='word_1_246' title='bbox 869 3188 986 3249; x_wconf 90' lang='lat' dir='ltr'><strong>quoque</strong></span> <span class='ocrx_word' id='word_1_247' title='bbox 1010 3172 1074 3249; x_wconf 91' lang='lat' dir='ltr'><strong>ipsa</strong></span> 
     </span>
    </p>

    <p class='ocr_par' dir='ltr' id='par_1_16' title="bbox 100 3257 997 3340">
     <span class='ocr_line' id='line_1_35' title="bbox 100 3257 997 3340; baseline -0.013 -10"><span class='ocrx_word' id='word_1_248' title='bbox 100 3277 157 3330; x_wconf 81' lang='lat'><strong>506</strong></span> <span class='ocrx_word' id='word_1_249' title='bbox 175 3260 311 3321; x_wconf 86' lang='lat' dir='ltr'><strong>concidat</strong></span> <span class='ocrx_word' id='word_1_250' title='bbox 333 3258 494 3340; x_wconf 87' lang='lat' dir='ltr'><strong>extemplo,</strong></span> <span class='ocrx_word' id='word_1_251' title='bbox 516 3261 575 3319; x_wconf 90' lang='lat' dir='ltr'><strong>nisi</strong></span> <span class='ocrx_word' id='word_1_252' title='bbox 598 3259 719 3321; x_wconf 90' lang='lat' dir='ltr'><strong>credere</strong></span> <span class='ocrx_word' id='word_1_253' title='bbox 744 3257 880 3319; x_wconf 91' lang='lat' dir='ltr'><strong>sensibus</strong></span> <span class='ocrx_word' id='word_1_254' title='bbox 903 3261 997 3339; x_wconf 85' lang='lat' dir='ltr'><strong>ausis,</strong></span> 
     </span>
    </p>

    <p class='ocr_par' dir='ltr' id='par_1_17' title="bbox 172 3367 1113 3605">
     <span class='ocr_line' id='line_1_36' title="bbox 601 3367 620 3406; baseline 0 0"><span class='ocrx_word' id='word_1_255' title='bbox 601 3367 620 3406; x_wconf 68' lang='lat' dir='ltr'><strong>s</strong></span> 
     </span>
     <span class='ocr_line' id='line_1_37' title="bbox 172 3435 976 3516; baseline -0.002 -20"><span class='ocrx_word' id='word_1_256' title='bbox 172 3437 402 3516; x_wconf 88' lang='lat' dir='ltr'><strong>praecipitisque</strong></span> <span class='ocrx_word' id='word_1_257' title='bbox 426 3435 506 3496; x_wconf 91' lang='lat' dir='ltr'><strong>locos</strong></span> <span class='ocrx_word' id='word_1_258' title='bbox 529 3437 621 3496; x_wconf 89' lang='lat' dir='ltr'><strong>vitare</strong></span> <span class='ocrx_word' id='word_1_259' title='bbox 645 3443 675 3495; x_wconf 91' lang='lat' dir='ltr'><strong>et</strong></span> <span class='ocrx_word' id='word_1_260' title='bbox 697 3441 795 3496; x_wconf 88' lang='lat' dir='ltr'><strong>cetera</strong></span> <span class='ocrx_word' id='word_1_261' title='bbox 818 3453 893 3514; x_wconf 84' lang='lat' dir='ltr'><strong>quae</strong></span> <span class='ocrx_word' id='word_1_262' title='bbox 916 3437 976 3495; x_wconf 92' lang='lat' dir='ltr'><strong>sint</strong></span> 
     </span>
     <span class='ocr_line' id='line_1_38' title="bbox 172 3523 1113 3605; baseline 0.002 -21"><span class='ocrx_word' id='word_1_263' title='bbox 172 3527 204 3584; x_wconf 90' lang='lat' dir='ltr'><strong>in</strong></span> <span class='ocrx_word' id='word_1_264' title='bbox 228 3542 336 3603; x_wconf 80' lang='lat' dir='ltr'><strong>genere</strong></span> <span class='ocrx_word' id='word_1_265' title='bbox 359 3526 414 3586; x_wconf 88' lang='lat' dir='ltr'><strong>hoc</strong></span> <span class='ocrx_word' id='word_1_266' title='bbox 438 3523 590 3605; x_wconf 77' lang='lat' dir='ltr'><strong>fugienda,</strong></span> <span class='ocrx_word' id='word_1_267' title='bbox 614 3525 699 3603; x_wconf 88' lang='lat' dir='ltr'><strong>sequi</strong></span> <span class='ocrx_word' id='word_1_268' title='bbox 722 3525 869 3584; x_wconf 86' lang='lat' dir='ltr'><strong>contrarie</strong></span> <span class='ocrx_word' id='word_1_269' title='bbox 893 3541 967 3602; x_wconf 85' lang='lat' dir='ltr'><strong>quae</strong></span> <span class='ocrx_word' id='word_1_270' title='bbox 991 3524 1058 3582; x_wconf 91' lang='lat' dir='ltr'><strong>sint.</strong></span> <span class='ocrx_word' id='word_1_271' title='bbox 1073 3544 1113 3585; x_wconf 77' lang='lat' dir='ltr'><strong>sto</strong></span> 
     </span>
    </p>
   </div>
   <div class='ocr_carea' id='block_1_3' title="bbox 0 0 1260 3882">
    <p class='ocr_par' dir='ltr' id='par_1_18' title="bbox 0 0 1260 3882">
     <span class='ocr_line' id='line_1_39' title="bbox 0 0 1260 3882; baseline 0 0"><span class='ocrx_word' id='word_1_272' title='bbox 0 0 1260 3882; x_wconf 95' lang='lat' dir='ltr'><strong> </strong></span> 
     </span>
    </p>
   </div>
  </div>
 </body>
</html>
