2500 3882
611 221 625 274 Ι
1076 224 1119 288 15

184 385 252 427 nam
276 385 460 446 quacumque
483 374 565 428 vacat
588 370 728 448 spatium,
756 369 834 447 quod
859 371 946 430 inane
968 389 1119 452 vocamus,

184 473 292 535 corpus
316 474 350 516 ea
373 473 432 515 non
456 463 514 516 est:
538 474 595 534 qua
618 474 707 535 porro
731 475 856 537 cumque
879 465 961 518 tenet
983 477 1015 519 se

184 561 306 624 corpus,
329 561 363 604 ea
386 561 509 604 vacuum
533 561 717 622 nequaquam
740 552 854 605 constat
876 547 970 606 inane.

99 640 167 691 510
184 639 255 692 sunt
276 633 368 709 igitur
391 631 483 692 solida
506 651 540 692 ac
563 633 626 693 sinc
649 634 732 692 inani
754 651 877 712 corpora
900 637 1002 713 prima.
1079 647 1119 688 ⁵10

100 727 165 778 505
184 727 338 800 praetcrea
362 722 500 799 quoniam
523 722 631 797 genitis
653 722 685 781 in
707 719 797 781 rebus
819 724 948 802 inanest,

183 811 337 869 materiem
360 810 473 868 circum
496 806 619 868 solidam
641 815 776 869 constare
794 817 960 891 necessest,

184 915 240 957 nec
261 914 312 956 res
334 894 393 956 ulla
416 901 514 974 potest
536 914 604 956 vera
627 897 741 957 ratione
763 896 883 976 probari

183 1001 308 1063 corpore
332 986 419 1044 inane
443 1002 496 1044 suo
520 983 615 1044 celare
639 991 725 1063 atque
749 987 828 1045 intus
850 985 973 1066 habere,

105 1080 167 1131 515
184 1075 211 1132 si
233 1089 306 1152 non,
329 1072 408 1151 quod
431 1071 562 1152 cohibet,
585 1071 711 1132 solidum
735 1081 869 1134 constare
892 1074 1055 1154 relinquas:
1078 1087 1119 1129 ue

106 1169 165 1218 510
185 1161 216 1221 id
238 1177 328 1239 porro
351 1160 394 1220 nil
416 1178 482 1220 esse
505 1165 603 1238 potest
625 1163 685 1220 nisi
706 1163 840 1222 materiai

186 1247 357 1329 concilium,
380 1248 458 1328 quod
481 1250 568 1309 inane
592 1254 680 1327 queat
701 1267 803 1309 rerum
826 1249 972 1311 cohibere.

185 1338 325 1398 materies
347 1338 452 1416 igitur,
474 1335 568 1396 solido
593 1354 667 1415 quae
691 1355 814 1415 corpore
838 1344 964 1418 constat,

185 1444 252 1486 esse
275 1433 394 1485 aeterna
416 1430 526 1504 potest,
550 1443 617 1484 cum
640 1431 738 1484 cetera
760 1423 969 1485 dissoluantur.

110 1521 171 1573 520
185 1521 249 1574 tum
271 1531 360 1593 porro
384 1514 411 1573 si
432 1512 476 1573 nil
498 1519 577 1573 essct
600 1511 677 1590 quod
700 1513 787 1571 inane
810 1519 937 1592 vacaret,
1080 1527 1119 1568 550

111 1610 165 1660 515
185 1619 271 1662 omne
295 1602 371 1662 foret
394 1600 533 1662 solidum:
556 1602 615 1660 nisi
638 1607 740 1661 contra
764 1618 888 1679 corpora
910 1607 991 1660 certa

111 1765 123 1788 ⁹
186 1695 299 1769 essent,
323 1707 397 1767 quae
420 1689 483 1750 loca
506 1688 687 1767 complerent
710 1706 913 1767 quaecumque
935 1695 1084 1770 tenerent,

186 1796 273 1838 omne
296 1777 374 1855 quod
397 1784 443 1837 est
465 1779 604 1857 spatium,
627 1796 751 1839 vacuum
773 1783 923 1838 constaret
944 1779 1041 1838 inane.

186 1866 307 1927 alternis
330 1867 433 1945 igitur,
455 1866 609 1945 nimirum,
632 1883 739 1944 corpus
762 1868 844 1926 inani

609 1972 626 2010 s

115 2052 173 2104 505
186 2043 398 2121 distinctumst,
422 2042 559 2118 quoniam
582 2059 637 2102 nec
659 2041 779 2119 plenum
801 2044 915 2102 naviter
938 2049 1018 2102 extat
1080 2054 1119 2096 sss

116 2141 168 2192 500
187 2150 241 2192 nec
263 2148 352 2210 porro
375 2147 513 2190 vacuum:
536 2136 605 2190 sunt
628 2147 697 2207 ergo
721 2148 844 2208 corpora
867 2136 960 2209 certa,

187 2237 262 2298 quae
286 2221 412 2298 spatium
433 2217 521 2297 pleno
544 2220 659 2295 possint
681 2218 862 2294 distinguere
885 2219 981 2277 inane.

184 2307 258 2368 baec
280 2324 376 2385 neque
400 2304 523 2366 dissolui
545 2303 638 2383 plagis
661 2307 844 2365 extrinsecus
868 2307 925 2365 icta

185 2401 311 2475 possunt
332 2412 387 2454 nec
410 2411 499 2471 porro
522 2395 640 2471 penitus
663 2399 814 2472 penetrata
837 2395 931 2454 retexi

118 2493 171 2546 530
186 2501 241 2544 nec
264 2485 376 2542 ratione
400 2488 513 2561 queunt
534 2481 590 2541 alia
612 2488 752 2560 temptata
773 2481 880 2542 labare.
1079 2495 1118 2535 nso

119 2581 168 2631 505
186 2589 254 2633 nam
277 2587 371 2649 neque
396 2568 505 2630 conlidi
528 2572 591 2629 sinc
614 2571 695 2629 inani
717 2587 803 2648 posse
826 2570 943 2630 videtur
1080 2585 1119 2624 us

187 2661 344 2739 quicquam
365 2675 421 2718 nec
443 2657 538 2736 frangi
560 2676 615 2717 nec
637 2656 709 2716 findi
732 2659 764 2717 in
785 2656 854 2718 bina
878 2658 1004 2718 secando

186 2766 242 2808 nec
264 2764 369 2826 capere
393 2763 527 2806 umorem
549 2763 644 2824 neque
666 2747 738 2805 item
760 2745 905 2806 manabile
928 2747 1021 2824 frigus

120 2844 170 2895 535
185 2854 241 2896 nec
262 2833 443 2914 penetralem
466 2836 577 2914 ignem,
601 2833 708 2912 quibus
731 2836 828 2894 omnia
851 2835 1057 2915 coniiciuntur3
1079 2845 1118 2888 555

187 2930 216 2984 ct
239 2941 296 3002 quo
321 2941 454 3003 quaeque
476 2924 569 3000 magis
592 2921 710 2981 cohibet
731 2940 780 2982 res
803 2924 883 2982 intus
906 2925 1007 3001 inane,

121 3021 168 3070 500
186 3019 246 3072 tam
268 3014 361 3090 magis
383 3011 431 3070 his
453 3010 543 3070 rebus
565 3012 683 3090 penitus
706 3016 846 3088 temptata
869 3009 999 3068 labascIt.

185 3094 195 3183 d
207 3100 238 3160 id
262 3099 339 3179 quod
362 3101 421 3160 iam
440 3117 546 3178 supera
564 3098 619 3158 tibi
636 3096 723 3176 paulo
743 3097 924 3158 ostendimus
944 3103 1019 3157 ante.
1037 3095 1048 3177 d
1077 3110 1117 3152 sor

186 3206 257 3267 ergo
280 3190 306 3248 si
329 3187 421 3249 solida
440 3205 473 3247 ac
496 3189 559 3255 sine
582 3189 663 3247 inani
686 3204 809 3266 corpora
831 3186 926 3263 prima

187 3283 256 3337 sunt
277 3278 318 3335 ita
340 3278 384 3336 uti
407 3276 506 3355 docui,
530 3277 589 3335 sint
611 3275 683 3335 haec
706 3281 824 3335 aeterna
846 3281 1005 3334 necessest.

122 3372 171 3423 540
229 3364 384 3424 Praeterea
406 3365 465 3424 nisi
488 3364 626 3423 materies
649 3369 768 3422 aeterna
789 3362 906 3441 fuisset,
1078 3373 1118 3414 cco

121 3459 167 3510 555
186 3452 308 3513 antehac
331 3452 367 3512 ad
390 3450 482 3512 nilum
504 3451 622 3530 penitus
645 3468 694 3509 res
718 3453 851 3529 quaeque
874 3448 1034 3529 redissent,

187 3541 222 3601 de
244 3539 364 3618 niloque
386 3546 487 3600 renata
510 3539 606 3599 forent
629 3555 830 3618 quaecumque
854 3537 995 3598 videmus.
1036 3587 1038 3594 ,
