2512 3874
600 269 640 324 Ν
947 361 950 367 Δ
1066 269 1129 334 999

207 433 267 476 909
289 415 426 475 homines
450 413 546 475 solum
569 415 621 476 sed
645 435 714 477 vero
738 416 874 478 animalia
897 425 1010 479 cuncta.

208 507 318 582 quippe
345 501 459 563 videbis
488 521 579 582 equos
604 504 702 584 fortis,
730 522 797 564 cum
822 505 955 566 membra
978 505 1130 585 iacebunt,

130 607 190 658 985
207 593 238 652 in
262 593 375 652 somnis
398 589 505 651 sudare
529 597 628 651 tamen
651 594 824 671 spirareque
848 611 966 672 semper

131 697 187 746 990
207 687 237 741 et
260 681 345 758 quasi
368 678 404 738 de
427 677 523 757 palma
547 697 677 740 summas
700 680 879 741 contendere
904 683 975 741 viris

208 775 258 828 aut
280 769 365 846 quasi
388 766 557 826 carceribus
579 768 733 845 patefactis
757 815 977 831 .....
1090 791 1130 830 ooo

207 862 423 934 venantumque
448 872 535 915 canes
558 856 589 914 in
612 855 694 915 molli
717 874 804 934 saepe
828 859 927 936 quiete
1090 879 1129 919 999

207 946 317 1004 iactant
339 961 426 1004 crura
448 949 546 1003 tamen
570 942 667 1003 subito
690 947 830 1022 vocisque
854 951 976 1023 repente
1089 966 1128 1006 oon

133 1047 192 1098 990
206 1033 327 1092 mittunt
349 1038 379 1091 et
402 1029 507 1090 crebro
530 1030 697 1095 redducunt
718 1031 841 1092 naribus
865 1051 965 1114 auras,

131 1135 188 1186 999
207 1127 241 1180 ut
263 1121 386 1197 vestigia
409 1120 436 1178 si
458 1125 578 1178 teneant
600 1121 719 1180 inventa
742 1120 885 1201 ferarum,

208 1207 464 1286 expergefactique
488 1213 630 1267 secuntur
651 1209 751 1268 inania
774 1226 861 1287 saepe

208 1313 362 1357 cervorum
385 1293 556 1374 simulacra,
579 1294 663 1373 fugae
687 1297 772 1374 quasi
795 1296 894 1357 dedita
917 1304 1051 1376 cernant,
1088 1318 1128 1359 999

207 1383 302 1445 donee
325 1383 469 1443 discussis
491 1382 617 1442 redeunt
639 1383 792 1444 erroribus
815 1384 851 1444 ad
875 1403 915 1444 se.

135 1488 192 1540 995
206 1479 236 1532 at
258 1478 399 1533 consueta
421 1471 502 1530 domi
524 1469 688 1530 catulorum
710 1471 817 1531 blanda
838 1489 968 1550 propago

132 1576 189 1626 990
208 1559 356 1620 discutere
379 1565 409 1618 et
432 1576 540 1636 corpus
563 1557 599 1618 de
620 1566 700 1619 terra
723 1562 874 1638 corripere
897 1562 1021 1639 instant,
1089 1581 1128 1620 999

207 1647 330 1727 proinde
355 1648 440 1725 quasi
463 1648 577 1724 ignotas
600 1647 691 1707 iacies
714 1654 801 1726 atque
826 1666 877 1708 ora
899 1654 1028 1708 tuantur.
1074 1670 1128 1710 aooc

208 1744 238 1797 et
260 1753 318 1814 quo
342 1752 475 1813 quaeque
498 1736 592 1812 magis
616 1742 685 1795 sunt
708 1753 812 1814 aspera
836 1737 1043 1816 seminiorum,
1075 1757 1128 1797 roos

207 1831 267 1885 tam
289 1825 383 1901 magis
406 1825 438 1882 in
461 1824 573 1882 somnis
596 1823 698 1883 eadem
722 1825 834 1884 saevire
858 1830 1025 1884 necessust:

118 1929 193 1980 1000
207 1920 236 1973 at
258 1914 354 1973 variae
379 1912 496 1989 fugiunt
516 1909 651 1971 volucres
673 1913 832 1990 pinnisque
856 1919 978 1990 repente

136 2017 189 2068 ooo
208 2001 366 2061 sollicitant
389 1999 486 2059 divom
509 2006 654 2059 nocturno
676 2006 809 2078 tempore
833 1998 929 2078 lucos,

208 2091 364 2167 accipitres
387 2104 491 2147 somno
514 2088 545 2146 in
570 2085 630 2146 leni
653 2088 679 2146 si
700 2086 812 2165 proelia
835 2105 948 2165 pugnas

208 2176 297 2238 edere
321 2182 389 2236 sunt
410 2180 612 2253 persectantes
635 2175 773 2252 visaeque
796 2174 937 2234 volantes.
1077 2197 1128 2237 roro

208 2282 297 2345 porro
320 2264 474 2323 hominum
496 2269 625 2342 mentes,
648 2264 762 2339 magnis
786 2264 837 2340 qui
859 2261 989 2321 motibus
1013 2261 1105 2322 edunt

118 2369 193 2422 1005
206 2371 321 2433 magna,
343 2350 445 2412 itidem
469 2367 556 2428 saepe
579 2351 611 2409 in
634 2351 746 2409 somnis
765 2350 935 2427 iaciuntque
954 2357 1128 2430 gerantque,

138 2458 190 2508 990
209 2459 294 2519 reges
318 2445 498 2518 expugnant,
521 2439 691 2517 capiuntur,
713 2436 826 2515 proelia
848 2439 987 2517 miscent,

208 2529 316 2590 tollunt
338 2527 511 2606 clamorem,
535 2527 619 2604 quasi
642 2527 669 2584 si
692 2524 875 2605 iugulentur,
898 2524 1017 2586 ibidem.

208 2617 295 2678 multi
318 2616 486 2694 depugnant
509 2616 694 2692 gemitusque
719 2613 869 2673 doloribus
893 2613 984 2674 edunt
1077 2634 1128 2676 rora

209 2713 252 2787 et,
275 2705 359 2783 quasi
381 2703 540 2782 pantherae
564 2719 666 2761 morsu
689 2703 803 2761 saevive
822 2701 917 2761 leonis

121 2810 193 2861 1010
208 2793 398 2871 mandantur,
420 2792 533 2869 magnis
557 2789 734 2850 clamoribus
758 2791 856 2850 omnia
879 2789 1036 2867 complent.

140 2899 190 2948 009
209 2881 295 2942 multi
317 2880 353 2940 de
376 2880 491 2957 magnis
513 2896 568 2956 per
590 2895 727 2938 somnum
750 2877 832 2938 rehu'
854 2875 1030 2957 loquuntur,

209 2969 377 3047 indicioque
401 2969 448 3027 sui
470 2967 539 3025 iacti
561 2983 704 3044 persaepe
727 2967 819 3026 fuere.

209 3056 295 3118 multi
318 3062 443 3116 mortem
467 3053 584 3113 obeunt.
620 3052 720 3133 multi,
743 3054 779 3113 de
802 3051 952 3112 montibus
976 3050 1042 3112 altis
1077 3076 1129 3116 roeo

209 3153 242 3206 ut
266 3147 317 3223 qui
339 3144 534 3223 praecipitent
557 3141 592 3201 ad
614 3148 738 3221 terram,
762 3157 885 3220 corpore
909 3145 970 3199 toto

122 3249 193 3301 1015
209 3239 416 3311 externantur,
438 3237 468 3290 et
491 3247 527 3289 ex
550 3246 654 3290 somno
677 3231 763 3307 quasi
784 3227 926 3288 mentihu'
950 3229 1028 3306 capti

124 3339 190 3388 1000
209 3325 257 3382 vix
281 3321 316 3381 ad
340 3337 372 3379 99
396 3317 534 3398 redeunt,
556 3319 685 3395 permoti
709 3317 841 3394 corporis
865 3323 956 3376 aestu.

209 3409 319 3470 flumen
343 3410 414 3468 item
437 3407 541 3466 sitiens
565 3412 615 3465 aut
637 3406 748 3464 sontem
770 3410 893 3482 propter
916 3421 1071 3464 amoenum

210 3497 324 3558 adsidet
346 3502 376 3556 et
398 3501 492 3555 toturn
514 3511 606 3572 prope
629 3491 763 3554 faucibus
787 3499 910 3570 occupat
932 3509 1057 3552 amnem.
1077 3513 1129 3554 roas
1225 3509 1226 3562 0

374 3577 877 3661 [1000-9003μ999-004.
