2500 3882
579 213 620 266 111

166 361 339 422 disiectatur
361 358 466 420 eodem
488 358 538 420 illo
562 360 702 421 distracta
724 377 845 421 veneno.

94 467 147 516 000
165 449 235 509 inde
259 447 311 509 ubi
333 449 391 507 iam
413 447 511 508 morbi
533 447 649 508 ressexit
671 466 771 529 causa,
794 449 928 528 reditque

166 540 199 597 in
221 535 349 597 latebras
372 554 440 596 acer
463 537 595 615 corrupti
618 539 750 615 corporis
773 555 872 617 umor,

166 633 230 686 tum
254 626 339 702 quasi
360 622 516 684 vaccillans
538 626 668 703 primum
689 627 842 703 consurgit
863 632 893 684 et
916 626 1011 685 omnis

166 711 307 792 paulatim
329 711 406 771 redit
428 713 460 771 in
483 729 589 772 sensus
612 714 796 791 animamque
819 720 958 791 receptat.
1061 724 1101 766 ⁶0⁵

165 801 240 861 haee
263 801 353 877 igitur
374 802 464 860 tantis
487 800 540 860 ubi
561 800 673 860 morbis
697 819 819 880 corpore
842 803 874 860 in
897 803 961 880 ipso

95 904 148 955 000
166 891 315 948 iactentur
336 889 513 966 miserisque
536 887 633 948 modis
656 888 795 949 distracta
816 887 963 969 laborent,

167 995 221 1037 cur
244 975 347 1036 eadem
370 975 467 1036 credis
491 977 555 1036 sine
579 994 702 1055 corpore
725 979 756 1037 in
779 981 847 1037 aere
870 983 972 1056 aperto

167 1081 236 1126 cum
258 1062 362 1124 validis
384 1065 480 1124 ventis
503 1071 628 1124 aetatem
651 1064 758 1143 degere
780 1061 890 1144 posse?

168 1160 198 1214 et
221 1154 359 1231 quoniam
382 1158 512 1212 mentem
535 1154 644 1232 sanari,
667 1171 774 1232 corpus
796 1159 830 1213 ut
852 1171 985 1233 aegrum,
1061 1163 1101 1206 ⁶10

167 1243 317 1302 cernimus
341 1246 371 1299 et
393 1239 473 1300 ssecti
494 1239 640 1299 medicina
662 1258 750 1318 posse
773 1240 920 1320 videmus,

97 1345 149 1394 510
167 1329 199 1389 id
222 1345 339 1406 quoque
361 1329 509 1406 praesagit
531 1325 685 1387 mortalem
706 1330 803 1388 vivere
826 1335 964 1388 mentem.

168 1415 277 1477 addere
300 1417 380 1475 enim
401 1417 494 1493 partis
517 1421 568 1474 aut
590 1415 693 1474 ordine
715 1417 857 1475 traiecere
881 1421 1013 1476 aecumst

168 1511 220 1564 aut
243 1502 351 1580 aliquid
374 1519 496 1582 prosum
519 1502 556 1562 de
579 1520 692 1562 summa
715 1502 869 1562 detrahere
892 1502 998 1583 hilum,

129 1601 132 1610 '
168 1597 349 1652 commutare
372 1592 503 1650 animum
526 1591 703 1669 quicumque
725 1590 857 1651 adoritur
880 1598 909 1651 et
931 1591 996 1651 iniit
1060 1602 1100 1644 ⁵1⁵

168 1686 219 1740 ant
242 1678 328 1739 aliam
351 1681 483 1757 quamvis
505 1685 639 1738 naturam
662 1677 781 1740 ssectere
805 1681 927 1758 quaerit

96 1785 149 1835 010
168 1775 199 1828 at
220 1785 317 1845 neque
340 1767 496 1826 transferri
518 1765 575 1826 sibi
596 1769 689 1845 partis
712 1785 767 1828 nec
788 1767 882 1828 tribui
904 1766 965 1828 vult

168 1853 324 1916 inmortale
348 1854 426 1932 quod
450 1861 495 1914 est
517 1857 674 1933 quicquam
695 1874 791 1934 neque
815 1855 943 1916 delinere
966 1854 1072 1916 hilum:

168 1961 238 2004 nam
260 1942 465 2021 quodcumque
488 1944 717 2004 suismutatum
739 1942 848 2003 linibus
871 1945 944 2023 exit,

169 2033 309 2092 continuo
331 2031 388 2090 boc
410 2047 490 2090 mors
513 2036 559 2090 est
580 2028 661 2090 illius
683 2031 761 2109 quod
783 2032 839 2091 luit
861 2038 936 2091 ante.
1060 2041 1101 2084 ⁵2⁰

169 2137 240 2198 ergo
263 2121 378 2179 animus
400 2119 462 2178 sive
484 2119 641 2197 aegrescit,
663 2116 797 2177 mortalia
820 2121 903 2196 signa

97 2224 151 2275 000
169 2208 273 2287 mittit,
294 2209 339 2267 uti
362 2206 461 2286 docui,
485 2223 538 2265 seu
561 2203 690 2265 ssectitur
712 2224 728 2265 a
750 2205 903 2266 medicina.

170 2312 264 2373 usque
288 2294 359 2354 adeo
382 2292 472 2354 falsae
494 2293 603 2353 rationi
624 2310 693 2353 vera
715 2292 831 2353 videtur

169 2400 220 2443 res
243 2400 399 2442 occurrere
422 2388 453 2442 et
475 2381 615 2458 effugium
637 2380 826 2460 praecludere
849 2383 931 2441 eunti

169 2471 348 2548 ancipitique
371 2469 499 2530 refutatu
522 2470 696 2529 convincere
718 2468 832 2529 falsum.
1061 2481 1102 2524 000

214 2557 346 2637 Denique
370 2575 457 2636 saepe
479 2557 631 2617 hominem
652 2556 792 2636 paulatim
815 2559 962 2618 cernimus
985 2559 1030 2618 ire

96 2662 150 2715 000
170 2654 200 2707 et
222 2645 407 2707 membratim
429 2644 547 2706 vitalem
570 2645 732 2724 deperdere
757 2662 890 2706 sensum:

169 2737 202 2794 in
223 2733 349 2814 pedibus
370 2735 500 2812 primum
523 2733 632 2813 digitos
653 2732 795 2794 livescere
818 2741 848 2794 et
869 2735 990 2815 unguis,

169 2822 238 2882 inde
261 2822 352 2900 pedes
375 2829 405 2882 et
428 2839 514 2882 crura
537 2824 625 2901 mori,
647 2828 716 2899 post
737 2821 806 2882 inde
828 2840 882 2900 per
904 2829 986 2882 artus

168 2911 214 2969 ire
237 2909 309 2968 alios
331 2912 450 2970 tractim
472 2909 561 2988 gelidi
582 2911 706 2987 vestigia
729 2908 793 2990 leti3
1061 2922 1101 2963 oso

170 2995 316 3070 scinditur
338 2999 419 3076 atqui
442 3000 556 3058 animae
580 3000 719 3075 quoniam
740 3004 845 3058 natura
866 3015 921 3056 nec
944 3013 1003 3056 uno

95 3101 150 3152 030
168 3092 302 3163 tempore
325 3086 441 3145 sincera
464 3087 576 3164 existit,
598 3084 731 3146 mortalis
754 3083 923 3146 habendast.

169 3172 248 3251 quod
272 3174 298 3232 si
321 3172 395 3233 iorte
418 3180 504 3252 putas
526 3175 620 3250 ipsam
643 3192 676 3234 00
698 3191 786 3253 posse
808 3190 862 3250 per
884 3177 965 3230 artus

168 3262 316 3321 introsum
336 3261 454 3321 trahere
478 3268 508 3321 et
529 3262 622 3339 partis
645 3261 810 3320 conducere
833 3261 865 3318 in
887 3277 980 3319 unum

167 3355 255 3427 atque
278 3348 345 3410 ideo
369 3351 483 3410 cunctis
507 3365 627 3408 sensum
650 3349 795 3409 deducere
818 3345 974 3428 membris,
1063 3357 1101 3400 ⁶³⁵

168 3444 199 3497 at
220 3436 304 3497 locus
327 3435 375 3498 ille
398 3444 508 3516 tamen,
531 3454 590 3515 quo
613 3438 697 3515 copia
720 3441 800 3495 tanta
823 3437 931 3495 animai

93 3542 147 3592 000
167 3528 297 3607 cogitur,
319 3527 351 3586 in
375 3543 464 3585 sensu
486 3523 574 3584 debet
596 3527 707 3584 maiore
730 3523 836 3604 videri;
