2496 3876
111 211 131 274 2
603 213 616 266 Ι

109 361 144 412 25
163 373 237 434 quos
261 373 314 434 ego
337 357 374 417 de
397 375 498 418 rerum
520 366 625 418 natura
646 376 775 437 pangere
798 376 889 419 conor

162 443 351 506 Memmiadae
374 451 490 525 nostro,
513 463 601 524 quem
623 453 670 526 tu,
693 446 760 527 dea,
783 453 916 526 tempore
940 449 972 507 in
996 451 1081 508 omni

163 532 299 593 omnibus
323 541 458 593 ornatum
481 532 600 594 voluisti
623 532 767 594 excellere
791 534 888 595 rebus.

163 639 220 700 quo
243 623 336 699 magis
359 628 511 681 aeternnm
533 620 570 681 da
593 621 693 702 dictis,
717 622 795 703 diva,
818 622 957 702 leporem.

163 709 245 769 effice
268 717 302 769 ut
323 711 436 768 interea
459 709 520 768 lora
538 727 678 770 moenera
699 709 816 770 militiai

110 801 143 851 30
161 815 216 876 per
237 799 330 857 maria
353 814 386 856 ac
408 802 503 856 terras
527 799 622 857 omnis
645 800 740 876 sopita
763 801 928 877 quiescant:
961 813 963 818 '

162 902 230 945 nam
252 890 285 944 tu
308 882 369 944 sola
391 892 476 963 potes
498 884 655 963 tranquilla
677 904 749 964 pace
772 889 873 948 iuvare

163 971 307 1052 mortalis,
330 974 467 1051 quoniam
490 972 561 1033 belli
583 973 645 1033 fera
668 992 808 1034 moenera
830 974 945 1036 Mavors

164 1062 343 1138 armipotens
367 1063 456 1140 regit,
478 1063 510 1120 in
533 1062 678 1138 gremium
701 1064 752 1140 qui
775 1080 862 1141 saepe
884 1070 970 1124 tnnm
994 1082 1025 1124 se

163 1150 249 1208 reicit
271 1155 390 1208 aeterno
414 1147 545 1209 devictus
568 1148 689 1209 vulnere
712 1152 834 1231 amoriS,

111 1241 250 1315 edatque
273 1238 314 1296 ita
337 1238 516 1317 suspiciens,
538 1239 627 1297 tereti
650 1240 763 1298 cervice
787 1245 920 1318 reposta,

162 1326 257 1403 pascit
279 1343 377 1384 amore
401 1324 513 1405 avidos
536 1325 652 1385 inhians
675 1328 706 1386 in
729 1332 771 1406 te,
794 1326 861 1408 dea,
884 1329 978 1408 visuS,

163 1431 238 1492 eque
261 1420 312 1474 tuo
335 1413 445 1492 pendet
465 1415 600 1492 resupini
622 1416 745 1492 spiritus
769 1432 828 1474 ore.

161 1501 241 1562 bunc
262 1509 308 1582 tu,
332 1501 410 1582 diva,
432 1509 484 1562 tuo
507 1501 697 1561 recubantem
720 1520 843 1580 corpore
867 1510 967 1563 sancto
1053 1551 1054 1554 ,

163 1591 275 1650 circum
298 1590 362 1649 fusa
385 1607 488 1668 snper,
511 1591 608 1649 suavis
632 1607 668 1648 ex
691 1607 742 1650 ore
765 1588 906 1668 loquellas

111 1685 145 1733 40
164 1677 253 1736 funde
276 1684 381 1755 petens
404 1676 548 1755 placidam
570 1675 722 1757 Romanis,
746 1677 870 1759 incluta,
892 1697 1008 1758 pacem:

163 1782 231 1824 nam
253 1782 349 1842 neque
372 1782 426 1823 nos
450 1781 536 1842 agere
559 1764 614 1824 boc
636 1767 742 1843 patriai
764 1773 897 1844 tempore
920 1769 1022 1846 iniquo

161 1870 319 1931 possumus
343 1869 435 1931 aequo
459 1853 556 1911 animo
579 1871 634 1912 noo
656 1852 775 1913 Memmi
798 1853 874 1914 clara
897 1873 1026 1935 propago

162 1939 271 2002 talibus
293 1942 324 2000 in
347 1939 437 2000 rebus
460 1943 609 2002 communi
631 1941 717 2032 desse
741 1941 835 2003 saluti.

600 2081 619 2122 ss

111 2210 147 2262 50
162 2197 261 2288 llquod
285 2223 374 2284 super
396 2212 455 2285 est,
477 2224 583 2266 vacuas
607 2207 686 2266 auris
709 2208 898 2284 animumque
922 2225 1055 2286 sagacem
1084 2225 1110 2265 so

110 2299 144 2348 45
163 2299 307 2353 semotum
330 2312 346 2354 a
369 2295 450 2354 curis
469 2293 573 2354 adhibe
595 2312 694 2354 veram
717 2294 753 2354 ad
775 2296 933 2376 rationem,

162 2399 287 2441 nemea
310 2381 386 2442 dona
408 2381 464 2441 tibi
487 2381 585 2442 studio
608 2381 739 2460 disposta
761 2381 854 2463 fideli,

163 2467 310 2528 intellecta
332 2471 416 2548 prins
440 2487 526 2547 quam
550 2471 621 2549 sint,
645 2475 810 2549 contempta
832 2470 990 2549 relinquas.

162 2573 230 2615 nam
252 2554 307 2615 tibi
330 2556 366 2615 do
391 2574 504 2616 summa
526 2557 600 2617 caeli
622 2559 735 2617 ratione
758 2557 903 2638 deumque

111 2648 147 2699 55
162 2643 309 2702 disserere
332 2645 484 2724 incipiam,
507 2651 537 2704 et
559 2662 659 2704 rerum
681 2647 841 2724 primordia
864 2647 1001 2730 pandam,
1081 2663 1110 2704 55

110 2738 144 2787 5ο
161 2730 239 2792 unde
264 2733 359 2792 omnis
382 2737 485 2792 natura
509 2738 589 2792 creet
611 2749 673 2812 rm,
697 2741 807 2815 auctet,
830 2734 958 2816 alatque,

163 2837 256 2900 quove
279 2819 381 2879 eadem
404 2838 524 2880 rursum
546 2827 649 2880 natura
672 2830 824 2900 perempta
846 2823 984 2884 resolvat:

163 2927 236 2989 quae
259 2926 314 2969 nos
336 2910 490 2969 materiem
514 2915 544 2969 et
565 2909 702 2986 genitalia
725 2928 848 2990 corpora
870 2911 960 2972 rebus

162 2997 314 3058 reddunda
336 2999 368 3057 in
390 2999 503 3057 ratione
526 3015 630 3057 vocare
654 3005 684 3058 et
707 3001 818 3059 semina
840 3017 941 3060 rernm

110 3090 148 3141 60
163 3085 309 3165 appellare
334 3090 453 3146 suimus
475 3091 505 3145 et
527 3086 600 3146 baec
623 3086 724 3146 eadem
746 3105 891 3166 usurpare
1082 3103 1108 3142 60

110 3178 143 3228 55
163 3191 285 3253 corpora
306 3177 416 3255 prima,
439 3174 516 3254 quod
540 3193 576 3236 ex
599 3173 658 3234 illis
682 3182 751 3235 sunt
772 3178 870 3236 omnia
892 3178 1004 3254 primis.
1022 3173 1033 3254 ΙΙ

207 3261 339 3321 Humana
362 3270 428 3324 ante
452 3261 553 3325 oculos
575 3262 660 3322 foede
683 3281 750 3323 cum
772 3265 831 3323 vita
853 3265 963 3324 iaceret

162 3350 194 3408 in
216 3349 305 3408 terris
329 3367 469 3430 oppressa
492 3353 572 3429 gravi
595 3349 650 3410 sub
673 3350 828 3430 religione,

163 3453 237 3516 quae
261 3444 348 3514 caput
370 3457 386 3497 a
409 3439 482 3499 caeli
504 3437 674 3517 regionibns
698 3438 870 3498 ostendebat

383 3523 538 3604 [44--49]
555 3555 595 3576 =
610 3526 637 3586 n
650 3523 831 3588 elo-ooo.
