2500 3882
581 247 621 301 111

167 401 219 455 aut
241 392 348 454 nebula
371 399 420 455 aut
442 393 553 474 lnmus3
576 411 645 453 nam
667 394 753 474 longe
775 395 937 456 mobilitate

167 488 298 561 praestat
321 488 351 541 et
373 500 390 541 a
412 483 495 542 tenui
518 499 605 542 causa
628 484 720 561 magis
742 485 800 543 icta
823 491 968 565 movetur3

92 586 148 634 430
169 572 278 649 quippe
301 568 354 629 nbi
377 568 553 647 imaginibus
576 570 650 630 lumi
672 570 853 650 nebulaeque
876 579 1024 633 movetur:

169 657 248 737 quod
271 675 378 738 genus,
400 659 432 716 in
455 659 567 718 somnis
591 660 681 737 sopiti
702 658 755 719 ubi
777 661 926 720 cemimus
949 659 1006 720 alte

168 744 305 806 exhalare
328 762 466 824 vaporem
488 745 591 805 altaria
613 745 749 825 ferreque
774 747 900 808 fumum:

168 852 237 894 nam
259 832 364 913 procul
385 833 455 893 binc
479 833 567 893 dubio
590 833 677 894 nobis
700 834 856 896 simulacra
878 843 1022 914 geruntur
1040 869 1082 879 —

167 940 248 982 nunc
271 923 362 999 igitur
384 923 522 1000 quoniam
546 924 691 999 quassatis
713 923 844 1002 undique
867 927 944 984 vasis

92 1025 148 1075 435
168 1009 305 1070 dililnerc
328 1027 462 1069 umorem
485 1016 515 1069 et
536 1008 653 1070 laticem
676 1010 828 1071 discedere
852 1014 963 1092 cernis,

168 1105 198 1158 et
221 1095 327 1158 nebula
351 1116 385 1157 ac
408 1097 505 1158 fumus
528 1100 667 1176 quoniam
690 1099 815 1160 discedit
831 1101 869 1159 in
892 1119 990 1181 auras,

169 1185 257 1247 crede
281 1187 407 1246 animam
430 1203 547 1264 quoque
570 1185 696 1246 diffundi
717 1186 868 1266 multoque
891 1191 990 1266 perire

169 1275 252 1334 ocius
276 1280 306 1333 et
328 1275 415 1333 citius
438 1273 559 1333 dissolvi
580 1276 613 1333 in
636 1293 759 1352 corpora
783 1278 891 1355 prima,

168 1380 237 1422 cum
260 1360 353 1421 semel
375 1379 411 1420 ex
433 1360 562 1421 bominis
584 1361 725 1422 membris
748 1361 842 1422 ablata
864 1365 1000 1423 recessit:

94 1464 149 1514 440
169 1452 278 1529 quippe
306 1450 416 1509 etenim
439 1467 559 1530 corpus,
588 1449 665 1527 quod
687 1467 738 1509 ras
761 1452 845 1528 quasi
867 1453 1001 1511 constitit
1023 1453 1098 1532 eius,

168 1555 257 1616 quam
280 1536 418 1597 cohibere
441 1539 545 1615 nequit
568 1544 795 1616 conquassatum
818 1556 854 1598 ex
877 1538 1028 1618 aliquare

119 1677 121 1684 ,
167 1644 202 1686 55
224 1613 401 1685 rdrelactum
424 1623 554 1684 detracto
578 1627 719 1702 sanguine
743 1627 839 1706 venie,

168 1718 236 1773 aere
260 1714 311 1791 qui
335 1712 437 1772 credas
460 1730 547 1791 posse
570 1711 645 1772 hanc
668 1712 834 1774 cohiberier
856 1710 939 1774 ullo?

591 1819 609 1856 ss

166 1795 291 1967 leorpore
315 1889 366 1967 qui
388 1893 490 1948 nostro
513 1906 597 1949 rams
621 1907 703 1966 mage
727 1891 779 1970 sit,
802 1887 982 1952 cobibessit?
999 1886 1010 1971 ΙΙ

94 1991 148 2042 445
211 1976 366 2037 Praeterea
389 1978 471 2054 gigni
493 1978 604 2056 pariter
627 1995 694 2036 cum
717 1995 840 2056 corpore
863 1985 893 2038 ct
915 1997 973 2040 una

168 2082 303 2125 crescere
327 2067 470 2124 sentimus
492 2067 662 2143 pariterque
686 2082 841 2125 senescere
864 2074 1001 2127 mentem.

167 2169 236 2212 nam
258 2151 337 2212 velut
360 2152 477 2212 infirmo
499 2154 585 2230 pueri
607 2159 769 2230 teneroque
792 2159 933 2230 vagantur

167 2257 304 2319 corpore,
328 2241 371 2299 sic
394 2242 484 2300 animi
507 2242 642 2318 sequitur
664 2241 810 2300 sententia
832 2242 940 2300 tenvis:

167 2327 236 2387 inde
259 2327 312 2388 ubi
333 2327 463 2388 robustis
487 2327 612 2388 adolevit
633 2327 745 2387 viribus
769 2333 861 2408 aetas,

94 2431 147 2480 450
167 2415 324 2476 consilium
348 2434 464 2494 quoque
487 2419 581 2476 maius
605 2422 634 2476 et
657 2417 770 2476 auctior
793 2422 838 2475 est
860 2418 951 2477 animi
973 2418 1030 2477 vis:

165 2510 235 2582 post
256 2503 308 2564 ubi
331 2505 389 2564 iam
411 2503 516 2564 validis
540 2511 737 2582 quassatumst
758 2503 870 2564 viribus
894 2507 957 2565 aevi

167 2609 275 2669 corpus
298 2599 328 2652 et
351 2591 465 2651 obtusis
487 2591 659 2652 ceciderunt
681 2591 793 2652 viribus
817 2598 910 2673 artus,

166 2678 310 2739 claudicat
332 2681 497 2760 ingenium,
520 2680 624 2741 delirat
646 2679 758 2760 lingua,
780 2675 804 2760 †
826 2697 923 2762 mens,

167 2769 266 2827 omnia
290 2767 430 2828 deficiunt
453 2775 540 2846 atque
562 2786 621 2829 uno
644 2775 777 2847 tempore
801 2768 917 2831 desunt.

93 2871 146 2920 455
167 2873 237 2934 ergo
261 2855 384 2915 dissolui
407 2873 522 2935 quoquo
546 2858 683 2916 convenit
705 2873 822 2917 omnem
845 2859 953 2918 animai

165 2950 313 3024 naturam,
337 2962 391 3003 ceu
415 2943 526 3024 fumus,
548 2946 580 3003 in
603 2944 674 3004 altas
698 2947 776 3005 airis
799 2963 899 3026 auras3

166 3031 403 3111 quandoquidem
426 3034 507 3110 gigni
529 3034 640 3111 pariter
661 3033 831 3112 pariterque
853 3033 986 3093 videmus

165 3137 300 3180 crescere
324 3127 366 3200 et,
389 3122 426 3180 ut
446 3120 545 3200 docui,
569 3119 657 3180 simul
680 3138 750 3180 aevo
773 3121 850 3181 fessa
873 3121 977 3182 latisci.

208 3206 272 3268 lluo
296 3208 408 3268 accedit
430 3210 475 3268 nti
497 3208 660 3288 videamus,
684 3226 790 3287 corpus
813 3215 848 3269 ut
870 3211 967 3286 ipsum

92 3309 145 3360 450
165 3297 315 3374 suscipere
338 3298 466 3356 inmanis
488 3295 607 3356 morbos
630 3296 795 3375 dummqne
819 3295 964 3379 dolorem,

164 3383 208 3442 sic
232 3385 362 3444 animum
385 3402 470 3445 curas
494 3386 570 3445 acris
594 3383 764 3462 luctumque
787 3391 971 3468 metumque3

164 3487 256 3548 quare
279 3473 452 3551 participem
475 3471 527 3534 leti
550 3490 666 3551 quoque
690 3475 827 3534 convenit
849 3492 928 3534 esse:

162 3551 171 3640 ll
187 3560 258 3636 quin
281 3562 369 3620 etiam
391 3560 503 3620 morbis
526 3563 557 3620 in
580 3563 713 3641 corporis
736 3563 818 3622 avius
842 3570 921 3622 errat
