<?xml version="1.0" encoding="UTF-8"?>
<!DOCTYPE html PUBLIC "-//W3C//DTD XHTML 1.0 Transitional//EN"
    "http://www.w3.org/TR/xhtml1/DTD/xhtml1-transitional.dtd">
<html xmlns="http://www.w3.org/1999/xhtml" xml:lang="en" lang="en">
 <head>
  <title>
</title>
<meta http-equiv="Content-Type" content="text/html;charset=utf-8" />
  <meta name='ocr-system' content='tesseract 3.04.00' />
  <meta name='ocr-capabilities' content='ocr_page ocr_carea ocr_par ocr_line ocrx_word'/>
</head>
<body>
  <div class='ocr_page' id='page_1' title='image "./tlucreticarider20carugoog_0098.png"; bbox 0 0 2496 3876; ppageno 0'>
   <div class='ocr_carea' id='block_1_1' title="bbox 634 223 1139 291">
    <p class='ocr_par' dir='ltr' id='par_1_1' title="bbox 634 223 1139 291">
     <span class='ocr_line' id='line_1_1' title="bbox 634 223 1139 291; baseline 0.002 -1"><span class='ocrx_word' id='word_1_1' title='bbox 634 223 648 276; x_wconf 87' lang='grc' dir='ltr'>Ι</span> <span class='ocrx_word' id='word_1_2' title='bbox 1122 227 1139 291; x_wconf 77' lang='grc'><strong>7</strong></span> 
     </span>
    </p>
   </div>
   <div class='ocr_carea' id='block_1_2' title="bbox 133 366 1142 541">
    <p class='ocr_par' dir='ltr' id='par_1_2' title="bbox 133 366 1142 541">
     <span class='ocr_line' id='line_1_2' title="bbox 133 366 1142 454; baseline 0.003 -28"><span class='ocrx_word' id='word_1_3' title='bbox 133 374 196 426; x_wconf 78' lang='lat'><strong>205</strong></span> <span class='ocrx_word' id='word_1_4' title='bbox 209 366 252 428; x_wconf 94' lang='lat' dir='ltr'><strong>nil</strong></span> <span class='ocrx_word' id='word_1_5' title='bbox 273 369 365 446; x_wconf 79' lang='lat' dir='ltr'><strong>igitur</strong></span> <span class='ocrx_word' id='word_1_6' title='bbox 387 369 453 428; x_wconf 88' lang='lat' dir='ltr'><strong>lieri</strong></span> <span class='ocrx_word' id='word_1_7' title='bbox 475 369 511 430; x_wconf 88' lang='lat' dir='ltr'><strong>de</strong></span> <span class='ocrx_word' id='word_1_8' title='bbox 534 370 594 432; x_wconf 93' lang='lat' dir='ltr'><strong>nilo</strong></span> <span class='ocrx_word' id='word_1_9' title='bbox 617 389 704 450; x_wconf 88' lang='lat' dir='ltr'><strong>posse</strong></span> <span class='ocrx_word' id='word_1_10' title='bbox 728 372 919 454; x_wconf 82' lang='lat' dir='ltr'><strong>fatendumst,</strong></span> <span class='ocrx_word' id='word_1_11' title='bbox 1102 388 1142 430; x_wconf 79' lang='lat' dir='ltr'><strong>roo</strong></span> 
     </span>
     <span class='ocr_line' id='line_1_3' title="bbox 210 456 1141 541; baseline 0.01 -26"><span class='ocrx_word' id='word_1_12' title='bbox 210 459 323 516; x_wconf 90' lang='lat' dir='ltr'><strong>semine</strong></span> <span class='ocrx_word' id='word_1_13' title='bbox 351 456 467 536; x_wconf 89' lang='lat' dir='ltr'><strong>quando</strong></span> <span class='ocrx_word' id='word_1_14' title='bbox 494 475 568 537; x_wconf 90' lang='lat' dir='ltr'><strong>opus</strong></span> <span class='ocrx_word' id='word_1_15' title='bbox 591 466 637 520; x_wconf 92' lang='lat' dir='ltr'><strong>est</strong></span> <span class='ocrx_word' id='word_1_16' title='bbox 658 459 761 541; x_wconf 84' lang='lat' dir='ltr'><strong>rebus,</strong></span> <span class='ocrx_word' id='word_1_17' title='bbox 789 479 846 541; x_wconf 88' lang='lat' dir='ltr'><strong>quo</strong></span> <span class='ocrx_word' id='word_1_18' title='bbox 870 480 1002 541; x_wconf 88' lang='lat' dir='ltr'><strong>quaeque</strong></span> <span class='ocrx_word' id='word_1_19' title='bbox 1026 470 1141 524; x_wconf 80' lang='lat' dir='ltr'><strong>creatae</strong></span> 
     </span>
    </p>
   </div>
   <div class='ocr_carea' id='block_1_3' title="bbox 135 546 1143 3622">
    <p class='ocr_par' dir='ltr' id='par_1_3' title="bbox 135 546 1141 802">
     <span class='ocr_line' id='line_1_4' title="bbox 210 546 1141 626; baseline 0.01 -23"><span class='ocrx_word' id='word_1_20' title='bbox 210 547 287 605; x_wconf 78' lang='lat' dir='ltr'><strong>aeris</strong></span> <span class='ocrx_word' id='word_1_21' title='bbox 309 546 341 604; x_wconf 91' lang='lat' dir='ltr'><strong>in</strong></span> <span class='ocrx_word' id='word_1_22' title='bbox 363 551 481 606; x_wconf 86' lang='lat' dir='ltr'><strong>teneras</strong></span> <span class='ocrx_word' id='word_1_23' title='bbox 504 549 619 625; x_wconf 87' lang='lat' dir='ltr'><strong>possint</strong></span> <span class='ocrx_word' id='word_1_24' title='bbox 641 548 804 626; x_wconf 82' lang='lat' dir='ltr'>proferrier</span> <span class='ocrx_word' id='word_1_25' title='bbox 826 568 919 610; x_wconf 81' lang='lat' dir='ltr'><strong>aurae.</strong></span> <span class='ocrx_word' id='word_1_26' title='bbox 1102 565 1141 605; x_wconf 66' lang='lat'><strong>2⁰7</strong></span> 
     </span>
     <span class='ocr_line' id='line_1_5' title="bbox 135 632 1141 717; baseline 0.006 -25"><span class='ocrx_word' id='word_1_27' title='bbox 135 639 195 692; x_wconf 80' lang='lat'><strong>215</strong></span> <span class='ocrx_word' id='word_1_28' title='bbox 255 632 320 693; x_wconf 88' lang='lat' dir='ltr'><strong>Huc</strong></span> <span class='ocrx_word' id='word_1_29' title='bbox 342 633 457 693; x_wconf 88' lang='lat' dir='ltr'><strong>accedit</strong></span> <span class='ocrx_word' id='word_1_30' title='bbox 478 636 523 694; x_wconf 93' lang='lat' dir='ltr'><strong>uti</strong></span> <span class='ocrx_word' id='word_1_31' title='bbox 545 638 671 714; x_wconf 89' lang='lat' dir='ltr'><strong>quicque</strong></span> <span class='ocrx_word' id='word_1_32' title='bbox 695 639 727 696; x_wconf 93' lang='lat' dir='ltr'><strong>iu</strong></span> <span class='ocrx_word' id='word_1_33' title='bbox 750 655 802 698; x_wconf 86' lang='lat' dir='ltr'><strong>sua</strong></span> <span class='ocrx_word' id='word_1_34' title='bbox 825 656 947 717; x_wconf 92' lang='lat' dir='ltr'><strong>corpora</strong></span> <span class='ocrx_word' id='word_1_35' title='bbox 970 656 1089 698; x_wconf 89' lang='lat' dir='ltr'><strong>rursum</strong></span> <span class='ocrx_word' id='word_1_36' title='bbox 1102 653 1141 694; x_wconf 76' lang='lat'><strong>21⁵</strong></span> 
     </span>
     <span class='ocr_line' id='line_1_6' title="bbox 136 720 1030 802; baseline 0.009 -24"><span class='ocrx_word' id='word_1_37' title='bbox 136 729 192 778; x_wconf 84' lang='grc'><strong>210</strong></span> <span class='ocrx_word' id='word_1_38' title='bbox 211 720 354 781; x_wconf 91' lang='lat' dir='ltr'><strong>dissoluat</strong></span> <span class='ocrx_word' id='word_1_39' title='bbox 376 727 480 782; x_wconf 92' lang='lat' dir='ltr'><strong>natura</strong></span> <span class='ocrx_word' id='word_1_40' title='bbox 502 739 598 802; x_wconf 89' lang='lat' dir='ltr'><strong>neque</strong></span> <span class='ocrx_word' id='word_1_41' title='bbox 621 724 657 783; x_wconf 94' lang='lat' dir='ltr'><strong>ad</strong></span> <span class='ocrx_word' id='word_1_42' title='bbox 680 723 773 785; x_wconf 90' lang='lat' dir='ltr'><strong>nilum</strong></span> <span class='ocrx_word' id='word_1_43' title='bbox 795 727 951 786; x_wconf 87' lang='lat' dir='ltr'><strong>interemat</strong></span> <span class='ocrx_word' id='word_1_44' title='bbox 973 744 1030 786; x_wconf 83' lang='lat' dir='ltr'><strong>rea.</strong></span> 
     </span>
    </p>

    <p class='ocr_par' dir='ltr' id='par_1_4' title="bbox 210 809 992 896">
     <span class='ocr_line' id='line_1_7' title="bbox 210 809 992 896; baseline 0.008 -28"><span class='ocrx_word' id='word_1_45' title='bbox 210 827 278 868; x_wconf 89' lang='lat' dir='ltr'><strong>nam</strong></span> <span class='ocrx_word' id='word_1_46' title='bbox 302 809 398 887; x_wconf 88' lang='lat' dir='ltr'><strong>siquid</strong></span> <span class='ocrx_word' id='word_1_47' title='bbox 421 809 543 870; x_wconf 81' lang='lat' dir='ltr'><strong>mortale</strong></span> <span class='ocrx_word' id='word_1_48' title='bbox 567 830 583 871; x_wconf 91' lang='lat' dir='ltr'><strong>e</strong></span> <span class='ocrx_word' id='word_1_49' title='bbox 607 813 721 872; x_wconf 91' lang='lat' dir='ltr'><strong>cunctis</strong></span> <span class='ocrx_word' id='word_1_50' title='bbox 743 812 877 892; x_wconf 88' lang='lat' dir='ltr'><strong>partibus</strong></span> <span class='ocrx_word' id='word_1_51' title='bbox 900 821 992 896; x_wconf 87' lang='lat' dir='ltr'><strong>esset,</strong></span> 
     </span>
    </p>

    <p class='ocr_par' dir='ltr' id='par_1_5' title="bbox 211 897 1007 981">
     <span class='ocr_line' id='line_1_8' title="bbox 211 897 1007 981; baseline 0.008 -24"><span class='ocrx_word' id='word_1_52' title='bbox 211 915 248 958; x_wconf 84' lang='lat' dir='ltr'><strong>ex</strong></span> <span class='ocrx_word' id='word_1_53' title='bbox 270 897 363 957; x_wconf 91' lang='lat' dir='ltr'><strong>oculis</strong></span> <span class='ocrx_word' id='word_1_54' title='bbox 386 915 435 957; x_wconf 89' lang='lat' dir='ltr'><strong>res</strong></span> <span class='ocrx_word' id='word_1_55' title='bbox 459 916 591 978; x_wconf 89' lang='lat' dir='ltr'><strong>quaeque</strong></span> <span class='ocrx_word' id='word_1_56' title='bbox 614 906 736 979; x_wconf 89' lang='lat' dir='ltr'><strong>repente</strong></span> <span class='ocrx_word' id='word_1_57' title='bbox 760 908 861 980; x_wconf 89' lang='lat' dir='ltr'><strong>erepta</strong></span> <span class='ocrx_word' id='word_1_58' title='bbox 882 904 1007 981; x_wconf 89' lang='lat' dir='ltr'><strong>periret:</strong></span> 
     </span>
    </p>

    <p class='ocr_par' dir='ltr' id='par_1_6' title="bbox 138 984 1142 1247">
     <span class='ocr_line' id='line_1_9' title="bbox 210 984 1064 1069; baseline 0.009 -25"><span class='ocrx_word' id='word_1_59' title='bbox 210 984 290 1045; x_wconf 94' lang='lat' dir='ltr'><strong>nulla</strong></span> <span class='ocrx_word' id='word_1_60' title='bbox 311 987 341 1045; x_wconf 81' lang='lat' dir='ltr'><strong>ri</strong></span> <span class='ocrx_word' id='word_1_61' title='bbox 363 985 441 1046; x_wconf 86' lang='lat' dir='ltr'><strong>foret</strong></span> <span class='ocrx_word' id='word_1_62' title='bbox 461 1004 534 1047; x_wconf 93' lang='lat' dir='ltr'><strong>usus</strong></span> <span class='ocrx_word' id='word_1_63' title='bbox 557 990 650 1069; x_wconf 83' lang='lat' dir='ltr'><strong>enim,</strong></span> <span class='ocrx_word' id='word_1_64' title='bbox 675 1007 748 1066; x_wconf 86' lang='lat' dir='ltr'><strong>quae</strong></span> <span class='ocrx_word' id='word_1_65' title='bbox 771 988 904 1067; x_wconf 90' lang='lat' dir='ltr'><strong>partibus</strong></span> <span class='ocrx_word' id='word_1_66' title='bbox 928 993 992 1051; x_wconf 91' lang='lat' dir='ltr'><strong>eius</strong></span> <span class='ocrx_word' id='word_1_67' title='bbox 1059 1030 1064 1053; x_wconf 76' lang='lat' dir='ltr'><strong>t</strong></span> 
     </span>
     <span class='ocr_line' id='line_1_10' title="bbox 138 1073 1142 1156; baseline 0.008 -24"><span class='ocrx_word' id='word_1_68' title='bbox 138 1081 198 1133; x_wconf 78' lang='lat'><strong>220</strong></span> <span class='ocrx_word' id='word_1_69' title='bbox 213 1073 370 1134; x_wconf 84' lang='lat' dir='ltr'><strong>discidium</strong></span> <span class='ocrx_word' id='word_1_70' title='bbox 392 1092 497 1152; x_wconf 83' lang='lat' dir='ltr'><strong>parere</strong></span> <span class='ocrx_word' id='word_1_71' title='bbox 521 1080 550 1135; x_wconf 91' lang='lat' dir='ltr'><strong>et</strong></span> <span class='ocrx_word' id='word_1_72' title='bbox 572 1093 666 1136; x_wconf 85' lang='lat' dir='ltr'><strong>nexus</strong></span> <span class='ocrx_word' id='word_1_73' title='bbox 689 1076 840 1137; x_wconf 83' lang='lat' dir='ltr'><strong>exsolvere</strong></span> <span class='ocrx_word' id='word_1_74' title='bbox 863 1085 971 1156; x_wconf 89' lang='lat' dir='ltr'><strong>posset.</strong></span> <span class='ocrx_word' id='word_1_75' title='bbox 1103 1093 1142 1133; x_wconf 75' lang='lat'><strong>220</strong></span> 
     </span>
     <span class='ocr_line' id='line_1_11' title="bbox 138 1161 1100 1247; baseline 0.01 -29"><span class='ocrx_word' id='word_1_76' title='bbox 138 1168 192 1219; x_wconf 80' lang='lat'><strong>215</strong></span> <span class='ocrx_word' id='word_1_77' title='bbox 212 1161 289 1240; x_wconf 91' lang='lat' dir='ltr'><strong>quod</strong></span> <span class='ocrx_word' id='word_1_78' title='bbox 312 1179 404 1242; x_wconf 87' lang='lat' dir='ltr'><strong>nuuc,</strong></span> <span class='ocrx_word' id='word_1_79' title='bbox 427 1169 546 1222; x_wconf 88' lang='lat' dir='ltr'><strong>aeterno</strong></span> <span class='ocrx_word' id='word_1_80' title='bbox 569 1166 638 1242; x_wconf 89' lang='lat' dir='ltr'><strong>quia</strong></span> <span class='ocrx_word' id='word_1_81' title='bbox 660 1172 795 1226; x_wconf 90' lang='lat' dir='ltr'><strong>coustant</strong></span> <span class='ocrx_word' id='word_1_82' title='bbox 818 1168 930 1226; x_wconf 88' lang='lat' dir='ltr'><strong>semine</strong></span> <span class='ocrx_word' id='word_1_83' title='bbox 954 1185 1100 1247; x_wconf 84' lang='lat' dir='ltr'><strong>quaeque,</strong></span> 
     </span>
    </p>

    <p class='ocr_par' dir='ltr' id='par_1_7' title="bbox 211 1249 922 1332">
     <span class='ocr_line' id='line_1_12' title="bbox 211 1249 922 1332; baseline 0.006 -22"><span class='ocrx_word' id='word_1_84' title='bbox 211 1250 305 1310; x_wconf 90' lang='lat' dir='ltr'><strong>donec</strong></span> <span class='ocrx_word' id='word_1_85' title='bbox 327 1252 371 1310; x_wconf 82' lang='lat' dir='ltr'><strong>vis</strong></span> <span class='ocrx_word' id='word_1_86' title='bbox 394 1249 481 1332; x_wconf 87' lang='lat' dir='ltr'><strong>obiit,</strong></span> <span class='ocrx_word' id='word_1_87' title='bbox 504 1269 577 1329; x_wconf 90' lang='lat' dir='ltr'><strong>quac</strong></span> <span class='ocrx_word' id='word_1_88' title='bbox 600 1268 649 1312; x_wconf 89' lang='lat' dir='ltr'><strong>res</strong></span> <span class='ocrx_word' id='word_1_89' title='bbox 673 1252 840 1314; x_wconf 86' lang='lat' dir='ltr'><strong>diverberet</strong></span> <span class='ocrx_word' id='word_1_90' title='bbox 861 1256 922 1314; x_wconf 90' lang='lat' dir='ltr'><strong>ictu</strong></span> 
     </span>
    </p>

    <p class='ocr_par' dir='ltr' id='par_1_8' title="bbox 212 1340 956 1421">
     <span class='ocr_line' id='line_1_13' title="bbox 212 1340 956 1421; baseline 0.007 -24"><span class='ocrx_word' id='word_1_91' title='bbox 212 1346 262 1398; x_wconf 92' lang='lat' dir='ltr'><strong>aut</strong></span> <span class='ocrx_word' id='word_1_92' title='bbox 283 1340 364 1398; x_wconf 89' lang='lat' dir='ltr'><strong>intus</strong></span> <span class='ocrx_word' id='word_1_93' title='bbox 386 1345 523 1417; x_wconf 89' lang='lat' dir='ltr'><strong>penetret</strong></span> <span class='ocrx_word' id='word_1_94' title='bbox 544 1357 599 1417; x_wconf 91' lang='lat' dir='ltr'><strong>per</strong></span> <span class='ocrx_word' id='word_1_95' title='bbox 621 1342 720 1400; x_wconf 90' lang='lat' dir='ltr'><strong>inania</strong></span> <span class='ocrx_word' id='word_1_96' title='bbox 742 1341 956 1421; x_wconf 83' lang='lat' dir='ltr'><strong>dissoluatque,</strong></span> 
     </span>
    </p>

    <p class='ocr_par' dir='ltr' id='par_1_9' title="bbox 139 1425 1142 1685">
     <span class='ocr_line' id='line_1_14' title="bbox 211 1425 849 1505; baseline 0.003 -19"><span class='ocrx_word' id='word_1_97' title='bbox 211 1425 321 1486; x_wconf 90' lang='lat' dir='ltr'><strong>nullius</strong></span> <span class='ocrx_word' id='word_1_98' title='bbox 345 1428 467 1488; x_wconf 81' lang='lat' dir='ltr'><strong>exitium</strong></span> <span class='ocrx_word' id='word_1_99' title='bbox 488 1429 599 1505; x_wconf 87' lang='lat' dir='ltr'><strong>patitur</strong></span> <span class='ocrx_word' id='word_1_100' title='bbox 621 1435 725 1489; x_wconf 83' lang='lat' dir='ltr'><strong>natura</strong></span> <span class='ocrx_word' id='word_1_101' title='bbox 747 1428 849 1488; x_wconf 82' lang='lat' dir='ltr'><strong>rideri.</strong></span> 
     </span>
     <span class='ocr_line' id='line_1_15' title="bbox 139 1520 1142 1597; baseline 0.003 -23"><span class='ocrx_word' id='word_1_102' title='bbox 139 1520 201 1574; x_wconf 78' lang='lat'><strong>225</strong></span> <span class='ocrx_word' id='word_1_103' title='bbox 213 1521 366 1594; x_wconf 88' lang='lat' dir='ltr'><strong>praeterea</strong></span> <span class='ocrx_word' id='word_1_104' title='bbox 389 1532 463 1593; x_wconf 88' lang='lat' dir='ltr'><strong>quae</strong></span> <span class='ocrx_word' id='word_1_105' title='bbox 486 1533 611 1594; x_wconf 90' lang='lat' dir='ltr'><strong>cumque</strong></span> <span class='ocrx_word' id='word_1_106' title='bbox 634 1522 779 1576; x_wconf 84' lang='lat' dir='ltr'><strong>vetustate</strong></span> <span class='ocrx_word' id='word_1_107' title='bbox 802 1524 917 1577; x_wconf 86' lang='lat' dir='ltr'><strong>amovet</strong></span> <span class='ocrx_word' id='word_1_108' title='bbox 939 1523 1031 1597; x_wconf 85' lang='lat' dir='ltr'><strong>aetas,</strong></span> <span class='ocrx_word' id='word_1_109' title='bbox 1103 1531 1142 1572; x_wconf 72' lang='lat'><strong>22⁶</strong></span> 
     </span>
     <span class='ocr_line' id='line_1_16' title="bbox 140 1605 1055 1685; baseline 0.004 -25"><span class='ocrx_word' id='word_1_110' title='bbox 140 1610 194 1660; x_wconf 84' lang='grc'><strong>220</strong></span> <span class='ocrx_word' id='word_1_111' title='bbox 213 1605 239 1663; x_wconf 89' lang='lat' dir='ltr'><strong>si</strong></span> <span class='ocrx_word' id='word_1_112' title='bbox 260 1605 379 1683; x_wconf 88' lang='lat' dir='ltr'><strong>penitus</strong></span> <span class='ocrx_word' id='word_1_113' title='bbox 401 1605 528 1682; x_wconf 87' lang='lat' dir='ltr'><strong>peremit</strong></span> <span class='ocrx_word' id='word_1_114' title='bbox 550 1621 727 1665; x_wconf 90' lang='lat' dir='ltr'><strong>consumens</strong></span> <span class='ocrx_word' id='word_1_115' title='bbox 749 1605 902 1664; x_wconf 88' lang='lat' dir='ltr'><strong>materiem</strong></span> <span class='ocrx_word' id='word_1_116' title='bbox 925 1623 1055 1685; x_wconf 85' lang='lat' dir='ltr'><strong>omnem,</strong></span> 
     </span>
    </p>

    <p class='ocr_par' dir='ltr' id='par_1_10' title="bbox 211 1690 1023 1770">
     <span class='ocr_line' id='line_1_17' title="bbox 211 1690 1023 1770; baseline 0.002 -18"><span class='ocrx_word' id='word_1_117' title='bbox 211 1691 289 1752; x_wconf 90' lang='lat' dir='ltr'><strong>unde</strong></span> <span class='ocrx_word' id='word_1_118' title='bbox 313 1690 437 1751; x_wconf 88' lang='lat' dir='ltr'><strong>animale</strong></span> <span class='ocrx_word' id='word_1_119' title='bbox 460 1708 552 1769; x_wconf 84' lang='lat' dir='ltr'><strong>genus</strong></span> <span class='ocrx_word' id='word_1_120' title='bbox 575 1694 738 1770; x_wconf 85' lang='lat' dir='ltr'><strong>generatim</strong></span> <span class='ocrx_word' id='word_1_121' title='bbox 760 1695 792 1752; x_wconf 92' lang='lat' dir='ltr'><strong>in</strong></span> <span class='ocrx_word' id='word_1_122' title='bbox 814 1691 925 1753; x_wconf 90' lang='lat' dir='ltr'><strong>lumina</strong></span> <span class='ocrx_word' id='word_1_123' title='bbox 946 1696 1023 1754; x_wconf 82' lang='lat' dir='ltr'><strong>ritae</strong></span> 
     </span>
    </p>

    <p class='ocr_par' dir='ltr' id='par_1_11' title="bbox 211 1778 1000 1860">
     <span class='ocr_line' id='line_1_18' title="bbox 211 1778 1000 1860; baseline 0.003 -20"><span class='ocrx_word' id='word_1_124' title='bbox 211 1779 348 1840; x_wconf 84' lang='lat' dir='ltr'><strong>redducit</strong></span> <span class='ocrx_word' id='word_1_125' title='bbox 370 1778 480 1860; x_wconf 89' lang='lat' dir='ltr'><strong>Venus,</strong></span> <span class='ocrx_word' id='word_1_126' title='bbox 502 1787 553 1840; x_wconf 89' lang='lat' dir='ltr'><strong>aut</strong></span> <span class='ocrx_word' id='word_1_127' title='bbox 574 1781 749 1842; x_wconf 87' lang='lat' dir='ltr'><strong>redductum</strong></span> <span class='ocrx_word' id='word_1_128' title='bbox 772 1779 892 1841; x_wconf 90' lang='lat' dir='ltr'><strong>daedala</strong></span> <span class='ocrx_word' id='word_1_129' title='bbox 913 1782 1000 1842; x_wconf 88' lang='lat' dir='ltr'><strong>tellus</strong></span> 
     </span>
    </p>

    <p class='ocr_par' dir='ltr' id='par_1_12' title="bbox 142 1866 1141 2124">
     <span class='ocr_line' id='line_1_19' title="bbox 212 1866 1082 1949; baseline 0.003 -21"><span class='ocrx_word' id='word_1_130' title='bbox 212 1867 290 1929; x_wconf 90' lang='lat' dir='ltr'><strong>unde</strong></span> <span class='ocrx_word' id='word_1_131' title='bbox 313 1866 366 1926; x_wconf 93' lang='lat' dir='ltr'><strong>alit</strong></span> <span class='ocrx_word' id='word_1_132' title='bbox 388 1873 474 1946; x_wconf 89' lang='lat' dir='ltr'><strong>atque</strong></span> <span class='ocrx_word' id='word_1_133' title='bbox 497 1874 584 1946; x_wconf 88' lang='lat' dir='ltr'><strong>auget</strong></span> <span class='ocrx_word' id='word_1_134' title='bbox 605 1871 768 1946; x_wconf 85' lang='lat' dir='ltr'><strong>generatim</strong></span> <span class='ocrx_word' id='word_1_135' title='bbox 789 1868 896 1948; x_wconf 87' lang='lat' dir='ltr'><strong>pabula</strong></span> <span class='ocrx_word' id='word_1_136' title='bbox 916 1866 1082 1949; x_wconf 84' lang='lat' dir='ltr'><strong>praebens?</strong></span> 
     </span>
     <span class='ocr_line' id='line_1_20' title="bbox 142 1955 1141 2037; baseline -0.001 -24"><span class='ocrx_word' id='word_1_137' title='bbox 142 1963 200 2014; x_wconf 81' lang='lat'><strong>230</strong></span> <span class='ocrx_word' id='word_1_138' title='bbox 213 1955 291 2016; x_wconf 92' lang='lat' dir='ltr'><strong>unde</strong></span> <span class='ocrx_word' id='word_1_139' title='bbox 313 1973 394 2015; x_wconf 84' lang='lat' dir='ltr'><strong>mare</strong></span> <span class='ocrx_word' id='word_1_140' title='bbox 417 1957 538 2033; x_wconf 79' lang='lat' dir='ltr'><strong>ingenui</strong></span> <span class='ocrx_word' id='word_1_141' title='bbox 560 1957 656 2018; x_wconf 85' lang='lat' dir='ltr'><strong>fontes</strong></span> <span class='ocrx_word' id='word_1_142' title='bbox 679 1964 858 2037; x_wconf 82' lang='lat' dir='ltr'><strong>externaque</strong></span> <span class='ocrx_word' id='word_1_143' title='bbox 881 1956 967 2036; x_wconf 86' lang='lat' dir='ltr'><strong>longe</strong></span> <span class='ocrx_word' id='word_1_144' title='bbox 1103 1973 1141 2012; x_wconf 76' lang='lat' dir='ltr'><strong>seo</strong></span> 
     </span>
     <span class='ocr_line' id='line_1_21' title="bbox 142 2040 1061 2124; baseline 0.007 -25"><span class='ocrx_word' id='word_1_145' title='bbox 142 2051 194 2100; x_wconf 79' lang='grc'><strong>225</strong></span> <span class='ocrx_word' id='word_1_146' title='bbox 212 2045 334 2105; x_wconf 91' lang='lat' dir='ltr'><strong>ilumina</strong></span> <span class='ocrx_word' id='word_1_147' title='bbox 357 2040 564 2122; x_wconf 85' lang='lat' dir='ltr'><strong>suppeditant?</strong></span> <span class='ocrx_word' id='word_1_148' title='bbox 599 2045 678 2105; x_wconf 89' lang='lat' dir='ltr'><strong>unde</strong></span> <span class='ocrx_word' id='word_1_149' title='bbox 702 2046 803 2106; x_wconf 90' lang='lat' dir='ltr'><strong>aether</strong></span> <span class='ocrx_word' id='word_1_150' title='bbox 826 2045 922 2106; x_wconf 89' lang='lat' dir='ltr'><strong>sidera</strong></span> <span class='ocrx_word' id='word_1_151' title='bbox 944 2042 1061 2124; x_wconf 80' lang='lat' dir='ltr'><strong>pascit?</strong></span> 
     </span>
    </p>

    <p class='ocr_par' dir='ltr' id='par_1_13' title="bbox 214 2131 1023 2212">
     <span class='ocr_line' id='line_1_22' title="bbox 214 2131 1023 2212; baseline 0 -20"><span class='ocrx_word' id='word_1_152' title='bbox 214 2135 311 2193; x_wconf 90' lang='lat' dir='ltr'><strong>omnia</strong></span> <span class='ocrx_word' id='word_1_153' title='bbox 334 2134 412 2191; x_wconf 91' lang='lat' dir='ltr'><strong>enim</strong></span> <span class='ocrx_word' id='word_1_154' title='bbox 435 2131 535 2212; x_wconf 87' lang='lat' dir='ltr'><strong>dehet,</strong></span> <span class='ocrx_word' id='word_1_155' title='bbox 557 2133 674 2193; x_wconf 86' lang='lat' dir='ltr'><strong>mortali</strong></span> <span class='ocrx_word' id='word_1_156' title='bbox 697 2151 819 2211; x_wconf 90' lang='lat' dir='ltr'><strong>corpore</strong></span> <span class='ocrx_word' id='word_1_157' title='bbox 843 2151 917 2211; x_wconf 90' lang='lat' dir='ltr'><strong>quae</strong></span> <span class='ocrx_word' id='word_1_158' title='bbox 941 2139 1023 2212; x_wconf 84' lang='lat' dir='ltr'><strong>sunt,</strong></span> 
     </span>
    </p>

    <p class='ocr_par' dir='ltr' id='par_1_14' title="bbox 212 2220 960 2299">
     <span class='ocr_line' id='line_1_23' title="bbox 212 2220 960 2299; baseline -0.003 -17"><span class='ocrx_word' id='word_1_159' title='bbox 212 2223 326 2282; x_wconf 88' lang='lat' dir='ltr'><strong>infinita</strong></span> <span class='ocrx_word' id='word_1_160' title='bbox 349 2226 429 2280; x_wconf 90' lang='lat' dir='ltr'><strong>actas</strong></span> <span class='ocrx_word' id='word_1_161' title='bbox 452 2237 627 2299; x_wconf 89' lang='lat' dir='ltr'><strong>consumpse</strong></span> <span class='ocrx_word' id='word_1_162' title='bbox 651 2227 718 2282; x_wconf 90' lang='lat' dir='ltr'><strong>ante</strong></span> <span class='ocrx_word' id='word_1_163' title='bbox 741 2227 804 2281; x_wconf 87' lang='lat' dir='ltr'><strong>acta</strong></span> <span class='ocrx_word' id='word_1_164' title='bbox 827 2220 960 2298; x_wconf 84' lang='lat' dir='ltr'><strong>diesque.</strong></span> 
     </span>
    </p>

    <p class='ocr_par' dir='ltr' id='par_1_15' title="bbox 142 2309 1143 2565">
     <span class='ocr_line' id='line_1_24' title="bbox 213 2309 1078 2388; baseline 0 -19"><span class='ocrx_word' id='word_1_165' title='bbox 213 2309 290 2388; x_wconf 88' lang='lat' dir='ltr'><strong>quod</strong></span> <span class='ocrx_word' id='word_1_166' title='bbox 313 2310 394 2368; x_wconf 89' lang='lat' dir='ltr'><strong>siin</strong></span> <span class='ocrx_word' id='word_1_167' title='bbox 417 2326 452 2367; x_wconf 90' lang='lat' dir='ltr'><strong>eo</strong></span> <span class='ocrx_word' id='word_1_168' title='bbox 476 2310 569 2387; x_wconf 89' lang='lat' dir='ltr'><strong>spatio</strong></span> <span class='ocrx_word' id='word_1_169' title='bbox 593 2315 679 2387; x_wconf 90' lang='lat' dir='ltr'><strong>atque</strong></span> <span class='ocrx_word' id='word_1_170' title='bbox 703 2316 769 2369; x_wconf 89' lang='lat' dir='ltr'><strong>ante</strong></span> <span class='ocrx_word' id='word_1_171' title='bbox 793 2314 856 2368; x_wconf 92' lang='lat' dir='ltr'><strong>acta</strong></span> <span class='ocrx_word' id='word_1_172' title='bbox 879 2314 973 2368; x_wconf 87' lang='lat' dir='ltr'><strong>aetate</strong></span> <span class='ocrx_word' id='word_1_173' title='bbox 996 2309 1078 2369; x_wconf 85' lang='lat' dir='ltr'><strong>luere</strong></span> 
     </span>
     <span class='ocr_line' id='line_1_25' title="bbox 142 2395 1143 2478; baseline -0.003 -23"><span class='ocrx_word' id='word_1_174' title='bbox 142 2404 229 2458; x_wconf 75' lang='lat' dir='ltr'><strong>235e</strong></span> <span class='ocrx_word' id='word_1_175' title='bbox 253 2396 359 2476; x_wconf 85' lang='lat' dir='ltr'><strong>quibus</strong></span> <span class='ocrx_word' id='word_1_176' title='bbox 381 2395 455 2456; x_wconf 91' lang='lat' dir='ltr'><strong>haec</strong></span> <span class='ocrx_word' id='word_1_177' title='bbox 477 2415 578 2456; x_wconf 89' lang='lat' dir='ltr'><strong>rerum</strong></span> <span class='ocrx_word' id='word_1_178' title='bbox 600 2399 735 2457; x_wconf 89' lang='lat' dir='ltr'><strong>consistit</strong></span> <span class='ocrx_word' id='word_1_179' title='bbox 758 2413 871 2456; x_wconf 89' lang='lat' dir='ltr'><strong>summa</strong></span> <span class='ocrx_word' id='word_1_180' title='bbox 893 2396 1016 2478; x_wconf 85' lang='lat' dir='ltr'><strong>refecta,</strong></span> <span class='ocrx_word' id='word_1_181' title='bbox 1104 2409 1143 2452; x_wconf 76' lang='lat' dir='ltr'><strong>sao</strong></span> 
     </span>
     <span class='ocr_line' id='line_1_26' title="bbox 142 2483 845 2565; baseline 0.004 -24"><span class='ocrx_word' id='word_1_182' title='bbox 142 2493 195 2543; x_wconf 82' lang='grc'><strong>230</strong></span> <span class='ocrx_word' id='word_1_183' title='bbox 213 2483 362 2546; x_wconf 88' lang='lat' dir='ltr'><strong>inmortali</strong></span> <span class='ocrx_word' id='word_1_184' title='bbox 385 2491 453 2544; x_wconf 90' lang='lat' dir='ltr'><strong>sunt</strong></span> <span class='ocrx_word' id='word_1_185' title='bbox 475 2492 578 2545; x_wconf 93' lang='lat' dir='ltr'><strong>natura</strong></span> <span class='ocrx_word' id='word_1_186' title='bbox 600 2484 733 2565; x_wconf 90' lang='lat' dir='ltr'><strong>praedita</strong></span> <span class='ocrx_word' id='word_1_187' title='bbox 755 2491 845 2544; x_wconf 88' lang='lat' dir='ltr'><strong>certe.</strong></span> 
     </span>
    </p>

    <p class='ocr_par' dir='ltr' id='par_1_16' title="bbox 212 2573 1017 2652">
     <span class='ocr_line' id='line_1_27' title="bbox 212 2573 1017 2652; baseline 0 -18"><span class='ocrx_word' id='word_1_188' title='bbox 212 2573 289 2634; x_wconf 91' lang='lat' dir='ltr'><strong>haud</strong></span> <span class='ocrx_word' id='word_1_189' title='bbox 312 2575 402 2651; x_wconf 82' lang='lat' dir='ltr'><strong>igitur</strong></span> <span class='ocrx_word' id='word_1_190' title='bbox 423 2580 548 2652; x_wconf 90' lang='lat' dir='ltr'><strong>possunt</strong></span> <span class='ocrx_word' id='word_1_191' title='bbox 570 2573 604 2634; x_wconf 91' lang='lat' dir='ltr'><strong>ad</strong></span> <span class='ocrx_word' id='word_1_192' title='bbox 629 2573 721 2634; x_wconf 93' lang='lat' dir='ltr'><strong>nilum</strong></span> <span class='ocrx_word' id='word_1_193' title='bbox 745 2591 877 2652; x_wconf 80' lang='lat' dir='ltr'><strong>quaeque</strong></span> <span class='ocrx_word' id='word_1_194' title='bbox 900 2575 1017 2634; x_wconf 84' lang='lat' dir='ltr'><strong>reverti.</strong></span> 
     </span>
    </p>

    <p class='ocr_par' dir='ltr' id='par_1_17' title="bbox 214 2662 997 2741">
     <span class='ocr_line' id='line_1_28' title="bbox 214 2662 997 2741; baseline 0 -18"><span class='ocrx_word' id='word_1_195' title='bbox 214 2663 340 2740; x_wconf 85' lang='lat' dir='ltr'><strong>denique</strong></span> <span class='ocrx_word' id='word_1_196' title='bbox 363 2678 413 2722; x_wconf 89' lang='lat' dir='ltr'><strong>res</strong></span> <span class='ocrx_word' id='word_1_197' title='bbox 435 2664 530 2722; x_wconf 92' lang='lat' dir='ltr'><strong>omnis</strong></span> <span class='ocrx_word' id='word_1_198' title='bbox 553 2662 655 2723; x_wconf 90' lang='lat' dir='ltr'><strong>eadem</strong></span> <span class='ocrx_word' id='word_1_199' title='bbox 677 2663 722 2721; x_wconf 82' lang='lat' dir='ltr'><strong>vis</strong></span> <span class='ocrx_word' id='word_1_200' title='bbox 745 2679 890 2740; x_wconf 89' lang='lat' dir='ltr'><strong>causaque</strong></span> <span class='ocrx_word' id='word_1_201' title='bbox 912 2662 997 2741; x_wconf 81' lang='lat' dir='ltr'><strong>volgo</strong></span> 
     </span>
    </p>

    <p class='ocr_par' dir='ltr' id='par_1_18' title="bbox 141 2751 1143 3007">
     <span class='ocr_line' id='line_1_29' title="bbox 214 2751 915 2830; baseline -0.003 -19"><span class='ocrx_word' id='word_1_202' title='bbox 214 2751 381 2830; x_wconf 84' lang='lat' dir='ltr'><strong>conficeret,</strong></span> <span class='ocrx_word' id='word_1_203' title='bbox 403 2751 462 2809; x_wconf 92' lang='lat' dir='ltr'><strong>nisi</strong></span> <span class='ocrx_word' id='word_1_204' title='bbox 484 2753 623 2811; x_wconf 89' lang='lat' dir='ltr'><strong>materies</strong></span> <span class='ocrx_word' id='word_1_205' title='bbox 646 2757 765 2810; x_wconf 89' lang='lat' dir='ltr'><strong>aeterna</strong></span> <span class='ocrx_word' id='word_1_206' title='bbox 787 2755 915 2830; x_wconf 86' lang='lat' dir='ltr'><strong>teneret,</strong></span> 
     </span>
     <span class='ocr_line' id='line_1_30' title="bbox 141 2838 1143 2918; baseline 0.002 -21"><span class='ocrx_word' id='word_1_207' title='bbox 141 2846 199 2898; x_wconf 71' lang='lat'><strong>240</strong></span> <span class='ocrx_word' id='word_1_208' title='bbox 214 2842 293 2900; x_wconf 89' lang='lat' dir='ltr'><strong>inter</strong></span> <span class='ocrx_word' id='word_1_209' title='bbox 315 2856 346 2898; x_wconf 88' lang='lat' dir='ltr'><strong>se</strong></span> <span class='ocrx_word' id='word_1_210' title='bbox 369 2856 448 2898; x_wconf 87' lang='lat' dir='ltr'><strong>nexu</strong></span> <span class='ocrx_word' id='word_1_211' title='bbox 470 2840 568 2898; x_wconf 91' lang='lat' dir='ltr'><strong>minus</strong></span> <span class='ocrx_word' id='word_1_212' title='bbox 591 2845 641 2898; x_wconf 92' lang='lat' dir='ltr'><strong>aut</strong></span> <span class='ocrx_word' id='word_1_213' title='bbox 663 2839 756 2916; x_wconf 82' lang='lat' dir='ltr'><strong>magis</strong></span> <span class='ocrx_word' id='word_1_214' title='bbox 779 2838 963 2918; x_wconf 89' lang='lat' dir='ltr'><strong>indupedita:</strong></span> <span class='ocrx_word' id='word_1_215' title='bbox 1104 2853 1143 2892; x_wconf 74' lang='lat'><strong>24⁰</strong></span> 
     </span>
     <span class='ocr_line' id='line_1_31' title="bbox 142 2925 960 3007; baseline -0.001 -21"><span class='ocrx_word' id='word_1_216' title='bbox 142 2936 194 2986; x_wconf 81' lang='lat'><strong>235</strong></span> <span class='ocrx_word' id='word_1_217' title='bbox 212 2934 308 2988; x_wconf 88' lang='lat' dir='ltr'><strong>tactus</strong></span> <span class='ocrx_word' id='word_1_218' title='bbox 332 2928 411 2986; x_wconf 90' lang='lat' dir='ltr'><strong>enim</strong></span> <span class='ocrx_word' id='word_1_219' title='bbox 433 2925 485 2985; x_wconf 89' lang='lat' dir='ltr'><strong>leti</strong></span> <span class='ocrx_word' id='word_1_220' title='bbox 508 2928 579 2986; x_wconf 87' lang='lat' dir='ltr'><strong>satis</strong></span> <span class='ocrx_word' id='word_1_221' title='bbox 603 2933 683 2986; x_wconf 89' lang='lat' dir='ltr'><strong>esset</strong></span> <span class='ocrx_word' id='word_1_222' title='bbox 705 2943 792 2987; x_wconf 87' lang='lat' dir='ltr'><strong>causa</strong></span> <span class='ocrx_word' id='word_1_223' title='bbox 814 2927 960 3007; x_wconf 87' lang='lat' dir='ltr'><strong>proiecto;</strong></span> 
     </span>
    </p>

    <p class='ocr_par' dir='ltr' id='par_1_19' title="bbox 213 3013 1082 3095">
     <span class='ocr_line' id='line_1_32' title="bbox 213 3013 1082 3095; baseline -0.002 -21"><span class='ocrx_word' id='word_1_224' title='bbox 213 3018 334 3095; x_wconf 87' lang='lat' dir='ltr'><strong>quippe,</strong></span> <span class='ocrx_word' id='word_1_225' title='bbox 357 3013 409 3074; x_wconf 88' lang='lat' dir='ltr'><strong>ubi</strong></span> <span class='ocrx_word' id='word_1_226' title='bbox 432 3013 511 3074; x_wconf 94' lang='lat' dir='ltr'><strong>nulla</strong></span> <span class='ocrx_word' id='word_1_227' title='bbox 534 3014 631 3074; x_wconf 85' lang='lat' dir='ltr'><strong>forent</strong></span> <span class='ocrx_word' id='word_1_228' title='bbox 653 3020 772 3074; x_wconf 87' lang='lat' dir='ltr'><strong>aeterno</strong></span> <span class='ocrx_word' id='word_1_229' title='bbox 796 3030 932 3092; x_wconf 83' lang='lat' dir='ltr'><strong>corpore,</strong></span> <span class='ocrx_word' id='word_1_230' title='bbox 955 3029 1082 3089; x_wconf 88' lang='lat' dir='ltr'><strong>quorum</strong></span> 
     </span>
    </p>

    <p class='ocr_par' dir='ltr' id='par_1_20' title="bbox 212 3101 938 3178">
     <span class='ocr_line' id='line_1_33' title="bbox 212 3101 938 3178; baseline -0.008 -14"><span class='ocrx_word' id='word_1_231' title='bbox 212 3109 381 3165; x_wconf 82' lang='lat' dir='ltr'><strong>contextum</strong></span> <span class='ocrx_word' id='word_1_232' title='bbox 403 3103 447 3161; x_wconf 84' lang='lat' dir='ltr'><strong>vis</strong></span> <span class='ocrx_word' id='word_1_233' title='bbox 470 3101 592 3162; x_wconf 89' lang='lat' dir='ltr'><strong>deberet</strong></span> <span class='ocrx_word' id='word_1_234' title='bbox 613 3101 772 3163; x_wconf 83' lang='lat' dir='ltr'><strong>dissolvere</strong></span> <span class='ocrx_word' id='word_1_235' title='bbox 797 3117 938 3178; x_wconf 88' lang='lat' dir='ltr'><strong>quaeque.</strong></span> 
     </span>
    </p>

    <p class='ocr_par' dir='ltr' id='par_1_21' title="bbox 140 3189 1143 3445">
     <span class='ocr_line' id='line_1_34' title="bbox 212 3189 955 3271; baseline -0.005 -19"><span class='ocrx_word' id='word_1_236' title='bbox 212 3199 243 3252; x_wconf 89' lang='lat' dir='ltr'><strong>at</strong></span> <span class='ocrx_word' id='word_1_237' title='bbox 263 3208 355 3271; x_wconf 84' lang='lat' dir='ltr'><strong>nunc,</strong></span> <span class='ocrx_word' id='word_1_238' title='bbox 378 3193 456 3250; x_wconf 89' lang='lat' dir='ltr'><strong>inter</strong></span> <span class='ocrx_word' id='word_1_239' title='bbox 478 3207 511 3249; x_wconf 90' lang='lat' dir='ltr'><strong>se</strong></span> <span class='ocrx_word' id='word_1_240' title='bbox 534 3191 603 3269; x_wconf 86' lang='lat' dir='ltr'><strong>quia</strong></span> <span class='ocrx_word' id='word_1_241' title='bbox 625 3208 719 3250; x_wconf 82' lang='lat' dir='ltr'><strong>nexus</strong></span> <span class='ocrx_word' id='word_1_242' title='bbox 740 3189 955 3268; x_wconf 90' lang='lat' dir='ltr'><strong>principiorum</strong></span> 
     </span>
     <span class='ocr_line' id='line_1_35' title="bbox 142 3277 1143 3356; baseline -0.012 -16"><span class='ocrx_word' id='word_1_243' title='bbox 142 3287 198 3340; x_wconf 76' lang='lat'><strong>245</strong></span> <span class='ocrx_word' id='word_1_244' title='bbox 212 3277 371 3341; x_wconf 88' lang='lat' dir='ltr'><strong>dissimiles</strong></span> <span class='ocrx_word' id='word_1_245' title='bbox 394 3284 530 3338; x_wconf 89' lang='lat' dir='ltr'><strong>constant</strong></span> <span class='ocrx_word' id='word_1_246' title='bbox 552 3285 744 3356; x_wconf 89' lang='lat' dir='ltr'><strong>aeternaquae</strong></span> <span class='ocrx_word' id='word_1_247' title='bbox 767 3277 906 3336; x_wconf 89' lang='lat' dir='ltr'><strong>materies</strong></span> <span class='ocrx_word' id='word_1_248' title='bbox 930 3282 988 3355; x_wconf 90' lang='lat' dir='ltr'><strong>est,</strong></span> <span class='ocrx_word' id='word_1_249' title='bbox 1104 3288 1143 3329; x_wconf 79' lang='lat' dir='ltr'><strong>no</strong></span> 
     </span>
     <span class='ocr_line' id='line_1_36' title="bbox 140 3364 1045 3445; baseline -0.003 -19"><span class='ocrx_word' id='word_1_250' title='bbox 140 3377 193 3428; x_wconf 78' lang='grc'><strong>240</strong></span> <span class='ocrx_word' id='word_1_251' title='bbox 211 3367 352 3429; x_wconf 91' lang='lat' dir='ltr'><strong>incolumi</strong></span> <span class='ocrx_word' id='word_1_252' title='bbox 374 3373 527 3427; x_wconf 89' lang='lat' dir='ltr'><strong>remanent</strong></span> <span class='ocrx_word' id='word_1_253' title='bbox 549 3385 598 3426; x_wconf 92' lang='lat' dir='ltr'><strong>res</strong></span> <span class='ocrx_word' id='word_1_254' title='bbox 621 3382 757 3445; x_wconf 84' lang='lat' dir='ltr'><strong>corpore,</strong></span> <span class='ocrx_word' id='word_1_255' title='bbox 780 3364 850 3424; x_wconf 95' lang='lat' dir='ltr'><strong>dum</strong></span> <span class='ocrx_word' id='word_1_256' title='bbox 873 3365 945 3424; x_wconf 91' lang='lat' dir='ltr'><strong>satis</strong></span> <span class='ocrx_word' id='word_1_257' title='bbox 968 3365 1045 3424; x_wconf 91' lang='lat' dir='ltr'><strong>acris</strong></span> 
     </span>
    </p>

    <p class='ocr_par' dir='ltr' id='par_1_22' title="bbox 210 3455 893 3534">
     <span class='ocr_line' id='line_1_37' title="bbox 210 3455 893 3534; baseline -0.006 -17"><span class='ocrx_word' id='word_1_258' title='bbox 210 3459 255 3517; x_wconf 88' lang='lat' dir='ltr'><strong>vis</strong></span> <span class='ocrx_word' id='word_1_259' title='bbox 279 3455 365 3516; x_wconf 87' lang='lat' dir='ltr'><strong>obeat</strong></span> <span class='ocrx_word' id='word_1_260' title='bbox 386 3473 440 3534; x_wconf 96' lang='lat' dir='ltr'><strong>pro</strong></span> <span class='ocrx_word' id='word_1_261' title='bbox 462 3461 578 3514; x_wconf 84' lang='lat' dir='ltr'><strong>textura</strong></span> <span class='ocrx_word' id='word_1_262' title='bbox 601 3455 744 3531; x_wconf 90' lang='lat' dir='ltr'><strong>cuiusque</strong></span> <span class='ocrx_word' id='word_1_263' title='bbox 767 3459 893 3530; x_wconf 89' lang='lat' dir='ltr'><strong>reperta.</strong></span> 
     </span>
    </p>

    <p class='ocr_par' dir='ltr' id='par_1_23' title="bbox 210 3539 1042 3622">
     <span class='ocr_line' id='line_1_38' title="bbox 210 3539 1042 3622; baseline -0.01 -16"><span class='ocrx_word' id='word_1_264' title='bbox 210 3545 288 3606; x_wconf 83' lang='lat' dir='ltr'><strong>haud</strong></span> <span class='ocrx_word' id='word_1_265' title='bbox 311 3545 402 3622; x_wconf 83' lang='lat' dir='ltr'><strong>igitur</strong></span> <span class='ocrx_word' id='word_1_266' title='bbox 423 3542 501 3602; x_wconf 88' lang='lat' dir='ltr'><strong>redit</strong></span> <span class='ocrx_word' id='word_1_267' title='bbox 523 3540 559 3601; x_wconf 90' lang='lat' dir='ltr'><strong>ad</strong></span> <span class='ocrx_word' id='word_1_268' title='bbox 582 3540 675 3600; x_wconf 93' lang='lat' dir='ltr'><strong>nilum</strong></span> <span class='ocrx_word' id='word_1_269' title='bbox 698 3557 746 3600; x_wconf 89' lang='lat' dir='ltr'><strong>res</strong></span> <span class='ocrx_word' id='word_1_270' title='bbox 770 3539 841 3621; x_wconf 84' lang='lat' dir='ltr'><strong>ulla,</strong></span> <span class='ocrx_word' id='word_1_271' title='bbox 865 3540 917 3601; x_wconf 90' lang='lat' dir='ltr'><strong>sed</strong></span> <span class='ocrx_word' id='word_1_272' title='bbox 941 3555 1042 3600; x_wconf 89' lang='lat' dir='ltr'><strong>omnes</strong></span> 
     </span>
    </p>
   </div>
   <div class='ocr_carea' id='block_1_4' title="bbox 0 0 1262 3876">
    <p class='ocr_par' dir='ltr' id='par_1_24' title="bbox 0 0 1262 3876">
     <span class='ocr_line' id='line_1_39' title="bbox 0 0 1262 3876; baseline 0 0"><span class='ocrx_word' id='word_1_273' title='bbox 0 0 1262 3876; x_wconf 95' lang='lat' dir='ltr'><strong> </strong></span> 
     </span>
    </p>
   </div>
  </div>
 </body>
</html>
