<?xml version="1.0" encoding="UTF-8"?>
<!DOCTYPE html PUBLIC "-//W3C//DTD XHTML 1.0 Transitional//EN"
    "http://www.w3.org/TR/xhtml1/DTD/xhtml1-transitional.dtd">
<html xmlns="http://www.w3.org/1999/xhtml" xml:lang="en" lang="en">
 <head>
  <title>
</title>
<meta http-equiv="Content-Type" content="text/html;charset=utf-8" />
  <meta name='ocr-system' content='tesseract 3.04.00' />
  <meta name='ocr-capabilities' content='ocr_page ocr_carea ocr_par ocr_line ocrx_word'/>
</head>
<body>
  <div class='ocr_page' id='page_1' title='image "./tlucreticarider20carugoog_0112.png"; bbox 0 0 2500 3882; ppageno 0'>
   <div class='ocr_carea' id='block_1_1' title="bbox 613 279 626 332">
    <p class='ocr_par' dir='ltr' id='par_1_1' title="bbox 613 279 626 332">
     <span class='ocr_line' id='line_1_1' title="bbox 613 279 626 332; baseline 0 0"><span class='ocrx_word' id='word_1_1' title='bbox 613 279 626 332; x_wconf 98' lang='lat' dir='ltr'>I</span> 
     </span>
    </p>
   </div>
   <div class='ocr_carea' id='block_1_2' title="bbox 109 425 1126 3672">
    <p class='ocr_par' dir='ltr' id='par_1_2' title="bbox 109 425 1126 3672">
     <span class='ocr_line' id='line_1_2' title="bbox 187 425 921 506; baseline -0.003 -19"><span class='ocrx_word' id='word_1_2' title='bbox 187 425 332 505; x_wconf 82' lang='lat' dir='ltr'><strong>gentibus</strong></span> <span class='ocrx_word' id='word_1_3' title='bbox 346 425 483 486; x_wconf 87' lang='lat' dir='ltr'><strong>humanis</strong></span> <span class='ocrx_word' id='word_1_4' title='bbox 506 427 588 503; x_wconf 78' lang='lat' dir='ltr'><strong>regio</strong></span> <span class='ocrx_word' id='word_1_5' title='bbox 611 425 792 503; x_wconf 75' lang='lat' dir='ltr'>visendaque</span> <span class='ocrx_word' id='word_1_6' title='bbox 814 425 921 506; x_wconf 84' lang='lat' dir='ltr'><strong>fertur,</strong></span> 
     </span>
     <span class='ocr_line' id='line_1_3' title="bbox 144 512 952 594; baseline 0.002 -24"><span class='ocrx_word' id='word_1_7' title='bbox 144 563 146 570; x_wconf 88' lang='grc'><em>,</em></span> <span class='ocrx_word' id='word_1_8' title='bbox 187 514 278 575; x_wconf 91' lang='lat' dir='ltr'><strong>rebus</strong></span> <span class='ocrx_word' id='word_1_9' title='bbox 292 515 399 593; x_wconf 82' lang='lat' dir='ltr'><strong>opima</strong></span> <span class='ocrx_word' id='word_1_10' title='bbox 420 513 521 593; x_wconf 81' lang='lat' dir='ltr'><strong>bonis,</strong></span> <span class='ocrx_word' id='word_1_11' title='bbox 543 512 634 573; x_wconf 88' lang='lat' dir='ltr'><strong>multa</strong></span> <span class='ocrx_word' id='word_1_12' title='bbox 656 515 769 573; x_wconf 79' lang='lat' dir='ltr'><strong>munite</strong></span> <span class='ocrx_word' id='word_1_13' title='bbox 792 515 888 572; x_wconf 89' lang='lat' dir='ltr'><strong>virum</strong></span> <span class='ocrx_word' id='word_1_14' title='bbox 910 515 952 594; x_wconf 83' lang='lat' dir='ltr'><strong>vi,</strong></span> 
     </span>
     <span class='ocr_line' id='line_1_4' title="bbox 187 599 989 680; baseline -0.002 -18"><span class='ocrx_word' id='word_1_15' title='bbox 187 601 230 662; x_wconf 91' lang='lat' dir='ltr'><strong>nil</strong></span> <span class='ocrx_word' id='word_1_16' title='bbox 252 609 351 662; x_wconf 86' lang='lat' dir='ltr'><strong>tamen</strong></span> <span class='ocrx_word' id='word_1_17' title='bbox 372 601 428 661; x_wconf 89' lang='lat' dir='ltr'><strong>hcc</strong></span> <span class='ocrx_word' id='word_1_18' title='bbox 451 600 589 661; x_wconf 83' lang='lat' dir='ltr'><strong>habuisse</strong></span> <span class='ocrx_word' id='word_1_19' title='bbox 612 603 675 660; x_wconf 86' lang='lat' dir='ltr'><strong>viro</strong></span> <span class='ocrx_word' id='word_1_20' title='bbox 698 599 879 680; x_wconf 85' lang='lat' dir='ltr'><strong>praeclarius</strong></span> <span class='ocrx_word' id='word_1_21' title='bbox 901 603 933 660; x_wconf 86' lang='lat' dir='ltr'><strong>in</strong></span> <span class='ocrx_word' id='word_1_22' title='bbox 956 618 989 661; x_wconf 87' lang='lat' dir='ltr'><strong>sa</strong></span> 
     </span>
     <span class='ocr_line' id='line_1_5' title="bbox 109 688 1122 767; baseline -0.006 -18"><span class='ocrx_word' id='word_1_23' title='bbox 109 697 172 749; x_wconf 85' lang='grc'><em>730</em></span> <span class='ocrx_word' id='word_1_24' title='bbox 188 708 243 750; x_wconf 91' lang='lat' dir='ltr'><strong>nec</strong></span> <span class='ocrx_word' id='word_1_25' title='bbox 267 696 400 750; x_wconf 84' lang='lat' dir='ltr'><strong>sanctum</strong></span> <span class='ocrx_word' id='word_1_26' title='bbox 422 691 515 766; x_wconf 85' lang='lat' dir='ltr'><strong>magis</strong></span> <span class='ocrx_word' id='word_1_27' title='bbox 539 695 569 748; x_wconf 86' lang='lat' dir='ltr'><strong>et</strong></span> <span class='ocrx_word' id='word_1_28' title='bbox 590 691 701 749; x_wconf 73' lang='lat' dir='ltr'><strong>mirem</strong></span> <span class='ocrx_word' id='word_1_29' title='bbox 720 707 881 767; x_wconf 51' lang='lat' dir='ltr'><strong>¹carnnropae</strong></span> <span class='ocrx_word' id='word_1_30' title='bbox 903 688 1027 749; x_wconf 86' lang='lat' dir='ltr'><strong>videtur.</strong></span> <span class='ocrx_word' id='word_1_31' title='bbox 1082 703 1122 743; x_wconf 74' lang='lat' dir='ltr'><strong>rao</strong></span> 
     </span>
     <span class='ocr_line' id='line_1_6' title="bbox 110 776 880 856; baseline 0 -20"><span class='ocrx_word' id='word_1_32' title='bbox 110 786 169 836; x_wconf 74' lang='grc'><strong>705</strong></span> <span class='ocrx_word' id='word_1_33' title='bbox 189 779 319 838; x_wconf 82' lang='lat' dir='ltr'><strong>carmina</strong></span> <span class='ocrx_word' id='word_1_34' title='bbox 342 778 414 855; x_wconf 87' lang='lat' dir='ltr'><strong>quin</strong></span> <span class='ocrx_word' id='word_1_35' title='bbox 437 779 526 836; x_wconf 86' lang='lat' dir='ltr'><strong>etiam</strong></span> <span class='ocrx_word' id='word_1_36' title='bbox 548 776 641 837; x_wconf 87' lang='lat' dir='ltr'><strong>divini</strong></span> <span class='ocrx_word' id='word_1_37' title='bbox 662 778 792 856; x_wconf 74' lang='lat' dir='ltr'><strong>pectoris</strong></span> <span class='ocrx_word' id='word_1_38' title='bbox 815 779 880 837; x_wconf 88' lang='lat' dir='ltr'><strong>eins</strong></span> 
     </span>
     <span class='ocr_line' id='line_1_7' title="bbox 189 865 937 946; baseline 0 -22"><span class='ocrx_word' id='word_1_39' title='bbox 189 865 388 926; x_wconf 77' lang='lat' dir='ltr'><strong>vociferantur</strong></span> <span class='ocrx_word' id='word_1_40' title='bbox 410 871 441 925; x_wconf 86' lang='lat' dir='ltr'><strong>et</strong></span> <span class='ocrx_word' id='word_1_41' title='bbox 463 871 614 943; x_wconf 76' lang='lat' dir='ltr'><strong>exponunt</strong></span> <span class='ocrx_word' id='word_1_42' title='bbox 635 865 785 945; x_wconf 79' lang='lat' dir='ltr'><strong>praeclare</strong></span> <span class='ocrx_word' id='word_1_43' title='bbox 807 872 937 946; x_wconf 86' lang='lat' dir='ltr'><strong>reperta,</strong></span> 
     </span>
     <span class='ocr_line' id='line_1_8' title="bbox 176 952 857 1032; baseline -0.003 -18"><span class='ocrx_word' id='word_1_44' title='bbox 176 961 222 1014; x_wconf 54' lang='lat' dir='ltr'><strong>¹ut</strong></span> <span class='ocrx_word' id='word_1_45' title='bbox 243 956 292 1014; x_wconf 82' lang='lat' dir='ltr'><strong>vix</strong></span> <span class='ocrx_word' id='word_1_46' title='bbox 313 953 440 1016; x_wconf 83' lang='lat' dir='ltr'><strong>hnmana</strong></span> <span class='ocrx_word' id='word_1_47' title='bbox 462 952 596 1013; x_wconf 86' lang='lat' dir='ltr'><strong>videatur</strong></span> <span class='ocrx_word' id='word_1_48' title='bbox 618 955 710 1032; x_wconf 85' lang='lat' dir='ltr'><strong>stirpe</strong></span> <span class='ocrx_word' id='word_1_49' title='bbox 734 960 857 1013; x_wconf 86' lang='lat' dir='ltr'><strong>creatus.</strong></span> 
     </span>
     <span class='ocr_line' id='line_1_9' title="bbox 231 1040 998 1120; baseline 0.001 -19"><span class='ocrx_word' id='word_1_50' title='bbox 231 1040 286 1102; x_wconf 89' lang='lat' dir='ltr'><strong>Hic</strong></span> <span class='ocrx_word' id='word_1_51' title='bbox 309 1047 408 1102; x_wconf 85' lang='lat' dir='ltr'><strong>temen</strong></span> <span class='ocrx_word' id='word_1_52' title='bbox 430 1046 459 1100; x_wconf 86' lang='lat' dir='ltr'><strong>et</strong></span> <span class='ocrx_word' id='word_1_53' title='bbox 482 1059 572 1120; x_wconf 86' lang='lat' dir='ltr'><strong>snpra</strong></span> <span class='ocrx_word' id='word_1_54' title='bbox 594 1059 668 1120; x_wconf 88' lang='lat' dir='ltr'><strong>qnos</strong></span> <span class='ocrx_word' id='word_1_55' title='bbox 690 1041 818 1102; x_wconf 72' lang='lat' dir='ltr'><strong>diximus</strong></span> <span class='ocrx_word' id='word_1_56' title='bbox 841 1040 998 1102; x_wconf 81' lang='lat' dir='ltr'><strong>inferiores</strong></span> 
     </span>
     <span class='ocr_line' id='line_1_10' title="bbox 112 1128 1122 1210; baseline -0.008 -19"><span class='ocrx_word' id='word_1_57' title='bbox 112 1140 172 1192; x_wconf 88' lang='grc'><strong>735</strong></span> <span class='ocrx_word' id='word_1_58' title='bbox 190 1129 323 1210; x_wconf 86' lang='lat' dir='ltr'><strong>partibus</strong></span> <span class='ocrx_word' id='word_1_59' title='bbox 345 1131 465 1207; x_wconf 82' lang='lat' dir='ltr'><strong>egregie</strong></span> <span class='ocrx_word' id='word_1_60' title='bbox 487 1128 588 1189; x_wconf 89' lang='lat' dir='ltr'><strong>multis</strong></span> <span class='ocrx_word' id='word_1_61' title='bbox 611 1130 764 1207; x_wconf 86' lang='lat' dir='ltr'><strong>multoque</strong></span> <span class='ocrx_word' id='word_1_62' title='bbox 784 1131 928 1209; x_wconf 84' lang='lat' dir='ltr'><strong>minores,</strong></span> <span class='ocrx_word' id='word_1_63' title='bbox 1083 1142 1122 1183; x_wconf 79' lang='lat' dir='ltr'><strong>aas</strong></span> 
     </span>
     <span class='ocr_line' id='line_1_11' title="bbox 113 1215 1003 1297; baseline 0.002 -21"><span class='ocrx_word' id='word_1_64' title='bbox 113 1228 172 1280; x_wconf 83' lang='grc'><strong>750</strong></span> <span class='ocrx_word' id='word_1_65' title='bbox 189 1233 364 1297; x_wconf 80' lang='lat' dir='ltr'><strong>quamquam</strong></span> <span class='ocrx_word' id='word_1_66' title='bbox 387 1215 480 1276; x_wconf 86' lang='lat' dir='ltr'><strong>multa</strong></span> <span class='ocrx_word' id='word_1_67' title='bbox 502 1216 577 1277; x_wconf 84' lang='lat' dir='ltr'><strong>bene</strong></span> <span class='ocrx_word' id='word_1_68' title='bbox 600 1236 634 1277; x_wconf 85' lang='lat' dir='ltr'><strong>aa</strong></span> <span class='ocrx_word' id='word_1_69' title='bbox 656 1217 797 1277; x_wconf 78' lang='lat' dir='ltr'><strong>divinitus</strong></span> <span class='ocrx_word' id='word_1_70' title='bbox 819 1219 1003 1278; x_wconf 86' lang='lat' dir='ltr'><strong>invenientes</strong></span> 
     </span>
     <span class='ocr_line' id='line_1_12' title="bbox 189 1304 921 1384; baseline -0.003 -17"><span class='ocrx_word' id='word_1_71' title='bbox 189 1325 225 1367; x_wconf 84' lang='lat' dir='ltr'><strong>ex</strong></span> <span class='ocrx_word' id='word_1_72' title='bbox 246 1306 335 1384; x_wconf 77' lang='lat' dir='ltr'><strong>adyto</strong></span> <span class='ocrx_word' id='word_1_73' title='bbox 356 1313 506 1384; x_wconf 80' lang='lat' dir='ltr'><strong>tamqnam</strong></span> <span class='ocrx_word' id='word_1_74' title='bbox 529 1304 626 1365; x_wconf 89' lang='lat' dir='ltr'><strong>cordis</strong></span> <span class='ocrx_word' id='word_1_75' title='bbox 647 1323 791 1383; x_wconf 79' lang='lat' dir='ltr'><strong>responsa</strong></span> <span class='ocrx_word' id='word_1_76' title='bbox 814 1305 921 1365; x_wconf 85' lang='lat' dir='ltr'><strong>dedere</strong></span> 
     </span>
     <span class='ocr_line' id='line_1_13' title="bbox 190 1392 955 1472; baseline -0.004 -18"><span class='ocrx_word' id='word_1_77' title='bbox 190 1396 320 1454; x_wconf 89' lang='lat' dir='ltr'><strong>sanctius</strong></span> <span class='ocrx_word' id='word_1_78' title='bbox 343 1401 373 1454; x_wconf 88' lang='lat' dir='ltr'><strong>ct</strong></span> <span class='ocrx_word' id='word_1_79' title='bbox 394 1392 488 1454; x_wconf 90' lang='lat' dir='ltr'><strong>multo</strong></span> <span class='ocrx_word' id='word_1_80' title='bbox 510 1400 591 1452; x_wconf 84' lang='lat' dir='ltr'><strong>certa</strong></span> <span class='ocrx_word' id='word_1_81' title='bbox 610 1394 727 1452; x_wconf 86' lang='lat' dir='ltr'><strong>ratione</strong></span> <span class='ocrx_word' id='word_1_82' title='bbox 749 1395 844 1470; x_wconf 79' lang='lat' dir='ltr'><strong>magis</strong></span> <span class='ocrx_word' id='word_1_83' title='bbox 867 1411 955 1472; x_wconf 86' lang='lat' dir='ltr'><strong>qnam</strong></span> 
     </span>
     <span class='ocr_line' id='line_1_14' title="bbox 189 1479 1030 1562; baseline 0 -20"><span class='ocrx_word' id='word_1_84' title='bbox 189 1481 293 1561; x_wconf 74' lang='lat' dir='ltr'><strong>Pythia</strong></span> <span class='ocrx_word' id='word_1_85' title='bbox 315 1500 390 1560; x_wconf 81' lang='lat' dir='ltr'><strong>quae</strong></span> <span class='ocrx_word' id='word_1_86' title='bbox 412 1480 523 1560; x_wconf 84' lang='lat' dir='ltr'><strong>tripodi</strong></span> <span class='ocrx_word' id='word_1_87' title='bbox 546 1499 563 1541; x_wconf 86' lang='lat' dir='ltr'><strong>a</strong></span> <span class='ocrx_word' id='word_1_88' title='bbox 584 1479 696 1541; x_wconf 80' lang='lat' dir='ltr'><strong>Phoebi</strong></span> <span class='ocrx_word' id='word_1_89' title='bbox 718 1480 860 1558; x_wconf 85' lang='lat' dir='ltr'><strong>lauroque</strong></span> <span class='ocrx_word' id='word_1_90' title='bbox 883 1482 1030 1562; x_wconf 78' lang='lat' dir='ltr'><strong>protatur,</strong></span> 
     </span>
     <span class='ocr_line' id='line_1_15' title="bbox 115 1569 1122 1650; baseline -0.004 -22"><span class='ocrx_word' id='word_1_91' title='bbox 115 1577 174 1628; x_wconf 79' lang='lat'><strong>740</strong></span> <span class='ocrx_word' id='word_1_92' title='bbox 189 1571 346 1650; x_wconf 83' lang='lat' dir='ltr'><strong>principiis</strong></span> <span class='ocrx_word' id='word_1_93' title='bbox 368 1577 468 1631; x_wconf 66' lang='lat' dir='ltr'><strong>nmen</strong></span> <span class='ocrx_word' id='word_1_94' title='bbox 489 1571 521 1630; x_wconf 93' lang='lat' dir='ltr'><strong>in</strong></span> <span class='ocrx_word' id='word_1_95' title='bbox 543 1587 645 1629; x_wconf 85' lang='lat' dir='ltr'><strong>rerum</strong></span> <span class='ocrx_word' id='word_1_96' title='bbox 664 1569 765 1629; x_wconf 76' lang='lat' dir='ltr'><strong>iecere</strong></span> <span class='ocrx_word' id='word_1_97' title='bbox 787 1570 888 1629; x_wconf 82' lang='lat' dir='ltr'><strong>ruinas</strong></span> <span class='ocrx_word' id='word_1_98' title='bbox 917 1615 919 1619; x_wconf 68' lang='lat'>,</span> <span class='ocrx_word' id='word_1_99' title='bbox 1083 1582 1122 1624; x_wconf 74' lang='lat' dir='ltr'><strong>roo</strong></span> 
     </span>
     <span class='ocr_line' id='line_1_16' title="bbox 118 1655 946 1737; baseline 0 -21"><span class='ocrx_word' id='word_1_100' title='bbox 118 1665 171 1716; x_wconf 84' lang='grc'><strong>735</strong></span> <span class='ocrx_word' id='word_1_101' title='bbox 190 1665 220 1718; x_wconf 90' lang='lat' dir='ltr'><strong>et</strong></span> <span class='ocrx_word' id='word_1_102' title='bbox 243 1659 370 1736; x_wconf 79' lang='lat' dir='ltr'><strong>graviter</strong></span> <span class='ocrx_word' id='word_1_103' title='bbox 393 1659 491 1736; x_wconf 83' lang='lat' dir='ltr'><strong>magni</strong></span> <span class='ocrx_word' id='word_1_104' title='bbox 512 1674 617 1736; x_wconf 78' lang='lat' dir='ltr'><strong>magno</strong></span> <span class='ocrx_word' id='word_1_105' title='bbox 638 1657 775 1717; x_wconf 87' lang='lat' dir='ltr'><strong>occidere</strong></span> <span class='ocrx_word' id='word_1_106' title='bbox 798 1655 841 1716; x_wconf 93' lang='lat' dir='ltr'><strong>ibi</strong></span> <span class='ocrx_word' id='word_1_107' title='bbox 862 1674 946 1737; x_wconf 81' lang='lat' dir='ltr'><strong>casu3</strong></span> 
     </span>
     <span class='ocr_line' id='line_1_17' title="bbox 189 1744 913 1826; baseline -0.001 -21"><span class='ocrx_word' id='word_1_108' title='bbox 189 1747 318 1826; x_wconf 79' lang='lat' dir='ltr'><strong>primam</strong></span> <span class='ocrx_word' id='word_1_109' title='bbox 341 1745 420 1824; x_wconf 91' lang='lat' dir='ltr'><strong>quod</strong></span> <span class='ocrx_word' id='word_1_110' title='bbox 442 1751 539 1806; x_wconf 86' lang='lat' dir='ltr'><strong>motus</strong></span> <span class='ocrx_word' id='word_1_111' title='bbox 560 1752 697 1824; x_wconf 81' lang='lat' dir='ltr'><strong>exempto</strong></span> <span class='ocrx_word' id='word_1_112' title='bbox 720 1744 810 1806; x_wconf 89' lang='lat' dir='ltr'><strong>rebus</strong></span> <span class='ocrx_word' id='word_1_113' title='bbox 832 1746 913 1804; x_wconf 87' lang='lat' dir='ltr'><strong>inani</strong></span> 
     </span>
     <span class='ocr_line' id='line_1_18' title="bbox 191 1831 969 1912; baseline -0.001 -18"><span class='ocrx_word' id='word_1_114' title='bbox 191 1835 373 1896; x_wconf 86' lang='lat' dir='ltr'><strong>constituunt</strong></span> <span class='ocrx_word' id='word_1_115' title='bbox 395 1841 429 1894; x_wconf 87' lang='lat' dir='ltr'><strong>et·</strong></span> <span class='ocrx_word' id='word_1_116' title='bbox 446 1851 496 1894; x_wconf 88' lang='lat' dir='ltr'><strong>rcs</strong></span> <span class='ocrx_word' id='word_1_117' title='bbox 517 1833 614 1893; x_wconf 88' lang='lat' dir='ltr'><strong>mollis</strong></span> <span class='ocrx_word' id='word_1_118' title='bbox 636 1851 775 1912; x_wconf 82' lang='lat' dir='ltr'><strong>rarasque</strong></span> <span class='ocrx_word' id='word_1_119' title='bbox 799 1831 969 1912; x_wconf 87' lang='lat' dir='ltr'><strong>relinqnont</strong></span> 
     </span>
     <span class='ocr_line' id='line_1_19' title="bbox 191 1921 891 2000; baseline -0.001 -18"><span class='ocrx_word' id='word_1_120' title='bbox 191 1926 258 1983; x_wconf 78' lang='lat' dir='ltr'><strong>aira</strong></span> <span class='ocrx_word' id='word_1_121' title='bbox 280 1939 379 1982; x_wconf 86' lang='lat' dir='ltr'><strong>rorem</strong></span> <span class='ocrx_word' id='word_1_122' title='bbox 400 1922 499 1999; x_wconf 85' lang='lat' dir='ltr'><strong>ignem</strong></span> <span class='ocrx_word' id='word_1_123' title='bbox 521 1928 616 1982; x_wconf 85' lang='lat' dir='ltr'><strong>terras</strong></span> <span class='ocrx_word' id='word_1_124' title='bbox 640 1921 775 1982; x_wconf 85' lang='lat' dir='ltr'><strong>animalia</strong></span> <span class='ocrx_word' id='word_1_125' title='bbox 797 1921 891 2000; x_wconf 84' lang='lat' dir='ltr'><strong>frugis</strong></span> 
     </span>
     <span class='ocr_line' id='line_1_20' title="bbox 120 2008 1123 2089; baseline 0.002 -21"><span class='ocrx_word' id='word_1_126' title='bbox 120 2017 175 2068; x_wconf 79' lang='grc'><strong>745</strong></span> <span class='ocrx_word' id='word_1_127' title='bbox 191 2027 246 2070; x_wconf 83' lang='grc'><strong>500</strong></span> <span class='ocrx_word' id='word_1_128' title='bbox 268 2016 367 2070; x_wconf 81' lang='lat' dir='ltr'><strong>tamen</strong></span> <span class='ocrx_word' id='word_1_129' title='bbox 390 2008 552 2069; x_wconf 80' lang='lat' dir='ltr'><strong>admiscent</strong></span> <span class='ocrx_word' id='word_1_130' title='bbox 573 2010 606 2068; x_wconf 90' lang='lat' dir='ltr'><strong>in</strong></span> <span class='ocrx_word' id='word_1_131' title='bbox 629 2026 730 2070; x_wconf 88' lang='lat' dir='ltr'><strong>eorum</strong></span> <span class='ocrx_word' id='word_1_132' title='bbox 753 2027 861 2088; x_wconf 91' lang='lat' dir='ltr'><strong>corpus</strong></span> <span class='ocrx_word' id='word_1_133' title='bbox 884 2011 983 2089; x_wconf 85' lang='lat' dir='ltr'><strong>inene3</strong></span> <span class='ocrx_word' id='word_1_134' title='bbox 1084 2020 1123 2062; x_wconf 76' lang='lat'><strong>⁷4⁵</strong></span> 
     </span>
     <span class='ocr_line' id='line_1_21' title="bbox 120 2095 980 2174; baseline 0.003 -20"><span class='ocrx_word' id='word_1_135' title='bbox 120 2105 173 2154; x_wconf 81' lang='grc'><em>740</em></span> <span class='ocrx_word' id='word_1_136' title='bbox 192 2097 297 2156; x_wconf 90' lang='lat' dir='ltr'><strong>deinde</strong></span> <span class='ocrx_word' id='word_1_137' title='bbox 320 2095 398 2174; x_wconf 85' lang='lat' dir='ltr'><strong>quod</strong></span> <span class='ocrx_word' id='word_1_138' title='bbox 421 2097 540 2155; x_wconf 88' lang='lat' dir='ltr'><strong>omnino</strong></span> <span class='ocrx_word' id='word_1_139' title='bbox 563 2096 734 2156; x_wconf 81' lang='lat' dir='ltr'><strong>finemncn</strong></span> <span class='ocrx_word' id='word_1_140' title='bbox 756 2115 822 2157; x_wconf 85' lang='lat' dir='ltr'><strong>esse</strong></span> <span class='ocrx_word' id='word_1_141' title='bbox 846 2096 980 2157; x_wconf 79' lang='lat' dir='ltr'><strong>secandis</strong></span> 
     </span>
     <span class='ocr_line' id='line_1_22' title="bbox 192 2182 995 2263; baseline -0.002 -19"><span class='ocrx_word' id='word_1_142' title='bbox 192 2182 365 2263; x_wconf 69' lang='lat' dir='ltr'><strong>semoribus</strong></span> <span class='ocrx_word' id='word_1_143' title='bbox 388 2183 499 2244; x_wconf 83' lang='lat' dir='ltr'><strong>iaciunt</strong></span> <span class='ocrx_word' id='word_1_144' title='bbox 520 2201 617 2262; x_wconf 89' lang='lat' dir='ltr'><strong>neque</strong></span> <span class='ocrx_word' id='word_1_145' title='bbox 639 2200 760 2263; x_wconf 82' lang='lat' dir='ltr'><strong>pansam</strong></span> <span class='ocrx_word' id='word_1_146' title='bbox 784 2191 862 2244; x_wconf 87' lang='lat' dir='ltr'><strong>stare</strong></span> <span class='ocrx_word' id='word_1_147' title='bbox 885 2185 995 2262; x_wconf 82' lang='lat' dir='ltr'><strong>fragori</strong></span> 
     </span>
     <span class='ocr_line' id='line_1_23' title="bbox 192 2271 1122 2352; baseline -0.002 -20"><span class='ocrx_word' id='word_1_148' title='bbox 192 2291 247 2333; x_wconf 93' lang='lat' dir='ltr'><strong>nec</strong></span> <span class='ocrx_word' id='word_1_149' title='bbox 269 2289 408 2352; x_wconf 87' lang='lat' dir='ltr'><strong>prorsum</strong></span> <span class='ocrx_word' id='word_1_150' title='bbox 429 2273 461 2332; x_wconf 91' lang='lat' dir='ltr'><strong>in</strong></span> <span class='ocrx_word' id='word_1_151' title='bbox 483 2271 573 2332; x_wconf 88' lang='lat' dir='ltr'><strong>rebus</strong></span> <span class='ocrx_word' id='word_1_152' title='bbox 596 2273 752 2331; x_wconf 88' lang='lat' dir='ltr'><strong>minimum</strong></span> <span class='ocrx_word' id='word_1_153' title='bbox 771 2274 932 2332; x_wconf 83' lang='lat' dir='ltr'><strong>consistere</strong></span> <span class='ocrx_word' id='word_1_154' title='bbox 952 2272 1122 2352; x_wconf 79' lang='lat' dir='ltr'><strong>quicquam3</strong></span> 
     </span>
     <span class='ocr_line' id='line_1_24' title="bbox 193 2359 1003 2437; baseline 0 -17"><span class='ocrx_word' id='word_1_155' title='bbox 193 2378 260 2420; x_wconf 91' lang='lat' dir='ltr'><strong>cum</strong></span> <span class='ocrx_word' id='word_1_156' title='bbox 282 2359 432 2420; x_wconf 80' lang='lat' dir='ltr'><strong>videamus</strong></span> <span class='ocrx_word' id='word_1_157' title='bbox 454 2359 485 2419; x_wconf 94' lang='lat' dir='ltr'><strong>id</strong></span> <span class='ocrx_word' id='word_1_158' title='bbox 507 2366 673 2419; x_wconf 72' lang='lat' dir='ltr'><strong>cabernam</strong></span> <span class='ocrx_word' id='word_1_159' title='bbox 696 2361 839 2437; x_wconf 81' lang='lat' dir='ltr'><strong>cuiusque</strong></span> <span class='ocrx_word' id='word_1_160' title='bbox 863 2377 1003 2420; x_wconf 81' lang='lat' dir='ltr'><strong>cacumen</strong></span> 
     </span>
     <span class='ocr_line' id='line_1_25' title="bbox 121 2447 1123 2529; baseline 0 -21"><span class='ocrx_word' id='word_1_161' title='bbox 121 2455 177 2508; x_wconf 93' lang='grc'><strong>750</strong></span> <span class='ocrx_word' id='word_1_162' title='bbox 192 2466 258 2508; x_wconf 91' lang='lat' dir='ltr'><strong>esse</strong></span> <span class='ocrx_word' id='word_1_163' title='bbox 278 2448 356 2526; x_wconf 84' lang='lat' dir='ltr'><strong>qood</strong></span> <span class='ocrx_word' id='word_1_164' title='bbox 375 2447 412 2508; x_wconf 90' lang='lat' dir='ltr'><strong>ad</strong></span> <span class='ocrx_word' id='word_1_165' title='bbox 430 2465 535 2508; x_wconf 86' lang='lat' dir='ltr'><strong>sensns</strong></span> <span class='ocrx_word' id='word_1_166' title='bbox 554 2453 671 2507; x_wconf 87' lang='lat' dir='ltr'><strong>nostros</strong></span> <span class='ocrx_word' id='word_1_167' title='bbox 689 2448 845 2507; x_wconf 86' lang='lat' dir='ltr'><strong>minimum</strong></span> <span class='ocrx_word' id='word_1_168' title='bbox 862 2465 926 2508; x_wconf 89' lang='lat' dir='ltr'><strong>esse</strong></span> <span class='ocrx_word' id='word_1_169' title='bbox 945 2447 1070 2529; x_wconf 83' lang='lat' dir='ltr'><strong>videtur,</strong></span> <span class='ocrx_word' id='word_1_170' title='bbox 1084 2461 1123 2502; x_wconf 74' lang='grc'><strong>750</strong></span> 
     </span>
     <span class='ocr_line' id='line_1_26' title="bbox 121 2535 1066 2616; baseline 0.002 -20"><span class='ocrx_word' id='word_1_171' title='bbox 121 2543 172 2596; x_wconf 85' lang='grc'><strong>745</strong></span> <span class='ocrx_word' id='word_1_172' title='bbox 192 2538 326 2598; x_wconf 84' lang='lat' dir='ltr'><strong>conicere</strong></span> <span class='ocrx_word' id='word_1_173' title='bbox 348 2543 383 2596; x_wconf 86' lang='lat' dir='ltr'><strong>ut</strong></span> <span class='ocrx_word' id='word_1_174' title='bbox 404 2538 502 2614; x_wconf 89' lang='lat' dir='ltr'><strong>possis</strong></span> <span class='ocrx_word' id='word_1_175' title='bbox 524 2553 560 2596; x_wconf 81' lang='lat' dir='ltr'><strong>ex</strong></span> <span class='ocrx_word' id='word_1_176' title='bbox 582 2535 651 2616; x_wconf 89' lang='lat' dir='ltr'><strong>boc,</strong></span> <span class='ocrx_word' id='word_1_177' title='bbox 673 2553 748 2614; x_wconf 85' lang='lat' dir='ltr'><strong>qnae</strong></span> <span class='ocrx_word' id='word_1_178' title='bbox 772 2553 893 2596; x_wconf 87' lang='lat' dir='ltr'><strong>cernere</strong></span> <span class='ocrx_word' id='word_1_179' title='bbox 915 2553 976 2596; x_wconf 87' lang='lat' dir='ltr'><strong>non</strong></span> <span class='ocrx_word' id='word_1_180' title='bbox 999 2538 1066 2615; x_wconf 82' lang='lat' dir='ltr'><strong>qnis</strong></span> 
     </span>
     <span class='ocr_line' id='line_1_27' title="bbox 153 2623 1061 2704; baseline 0.008 -26"><span class='ocrx_word' id='word_1_181' title='bbox 153 2669 154 2678; x_wconf 73' lang='grc'>,</span> <span class='ocrx_word' id='word_1_182' title='bbox 192 2631 356 2684; x_wconf 84' lang='lat' dir='ltr'><strong>extremum</strong></span> <span class='ocrx_word' id='word_1_183' title='bbox 378 2623 457 2702; x_wconf 90' lang='lat' dir='ltr'><strong>qnod</strong></span> <span class='ocrx_word' id='word_1_184' title='bbox 479 2623 600 2704; x_wconf 84' lang='lat' dir='ltr'><strong>habent,</strong></span> <span class='ocrx_word' id='word_1_185' title='bbox 622 2625 779 2686; x_wconf 84' lang='lat' dir='ltr'><strong>minimum</strong></span> <span class='ocrx_word' id='word_1_186' title='bbox 802 2626 964 2685; x_wconf 88' lang='lat' dir='ltr'><strong>consistere</strong></span> <span class='ocrx_word' id='word_1_187' title='bbox 986 2642 1061 2687; x_wconf 87' lang='lat' dir='ltr'><strong>oere.</strong></span> 
     </span>
     <span class='ocr_line' id='line_1_28' title="bbox 191 2711 958 2792; baseline 0.001 -21"><span class='ocrx_word' id='word_1_188' title='bbox 191 2711 249 2772; x_wconf 91' lang='lat' dir='ltr'><strong>huc</strong></span> <span class='ocrx_word' id='word_1_189' title='bbox 272 2711 385 2774; x_wconf 79' lang='lat' dir='ltr'><strong>accedit</strong></span> <span class='ocrx_word' id='word_1_190' title='bbox 406 2714 491 2792; x_wconf 89' lang='lat' dir='ltr'><strong>item,</strong></span> <span class='ocrx_word' id='word_1_191' title='bbox 515 2714 652 2790; x_wconf 85' lang='lat' dir='ltr'><strong>qnoniam</strong></span> <span class='ocrx_word' id='word_1_192' title='bbox 674 2711 836 2792; x_wconf 84' lang='lat' dir='ltr'><strong>primordia</strong></span> <span class='ocrx_word' id='word_1_193' title='bbox 858 2731 958 2772; x_wconf 87' lang='lat' dir='ltr'><strong>rernm</strong></span> 
     </span>
     <span class='ocr_line' id='line_1_29' title="bbox 190 2797 957 2880; baseline 0.004 -21"><span class='ocrx_word' id='word_1_194' title='bbox 190 2797 290 2862; x_wconf 85' lang='lat' dir='ltr'><strong>mollia</strong></span> <span class='ocrx_word' id='word_1_195' title='bbox 312 2803 509 2880; x_wconf 84' lang='lat' dir='ltr'><strong>constituunt,</strong></span> <span class='ocrx_word' id='word_1_196' title='bbox 529 2818 614 2878; x_wconf 81' lang='lat' dir='ltr'><strong>quae</strong></span> <span class='ocrx_word' id='word_1_197' title='bbox 627 2818 683 2860; x_wconf 87' lang='lat' dir='ltr'><strong>nos</strong></span> <span class='ocrx_word' id='word_1_198' title='bbox 705 2802 803 2861; x_wconf 78' lang='lat' dir='ltr'><strong>nativa</strong></span> <span class='ocrx_word' id='word_1_199' title='bbox 824 2800 957 2862; x_wconf 84' lang='lat' dir='ltr'><strong>videmus</strong></span> 
     </span>
     <span class='ocr_line' id='line_1_30' title="bbox 121 2887 1123 2970; baseline 0.002 -24"><span class='ocrx_word' id='word_1_200' title='bbox 121 2895 175 2946; x_wconf 82' lang='lat'><strong>755</strong></span> <span class='ocrx_word' id='word_1_201' title='bbox 191 2907 257 2948; x_wconf 90' lang='lat' dir='ltr'><strong>esse</strong></span> <span class='ocrx_word' id='word_1_202' title='bbox 281 2895 310 2948; x_wconf 87' lang='lat' dir='ltr'><strong>et</strong></span> <span class='ocrx_word' id='word_1_203' title='bbox 332 2887 449 2950; x_wconf 78' lang='lat' dir='ltr'><strong>mortali</strong></span> <span class='ocrx_word' id='word_1_204' title='bbox 472 2905 538 2948; x_wconf 88' lang='lat' dir='ltr'><strong>oum</strong></span> <span class='ocrx_word' id='word_1_205' title='bbox 562 2906 699 2970; x_wconf 84' lang='lat' dir='ltr'><strong>corpore,</strong></span> <span class='ocrx_word' id='word_1_206' title='bbox 723 2887 855 2948; x_wconf 84' lang='lat' dir='ltr'><strong>funditus</strong></span> <span class='ocrx_word' id='word_1_207' title='bbox 877 2891 962 2967; x_wconf 86' lang='lat' dir='ltr'><strong>utqui</strong></span> <span class='ocrx_word' id='word_1_208' title='bbox 1085 2899 1123 2940; x_wconf 77' lang='lat'><strong>⁷⁵⁵</strong></span> 
     </span>
     <span class='ocr_line' id='line_1_31' title="bbox 121 2975 942 3037; baseline 0.001 -2"><span class='ocrx_word' id='word_1_209' title='bbox 121 2985 173 3035; x_wconf 87' lang='grc'><strong>750</strong></span> <span class='ocrx_word' id='word_1_210' title='bbox 192 2975 297 3037; x_wconf 85' lang='lat' dir='ltr'><strong>debeat</strong></span> <span class='ocrx_word' id='word_1_211' title='bbox 318 2975 353 3036; x_wconf 84' lang='lat' dir='ltr'><strong>ed</strong></span> <span class='ocrx_word' id='word_1_212' title='bbox 376 2975 471 3035; x_wconf 90' lang='lat' dir='ltr'><strong>nilum</strong></span> <span class='ocrx_word' id='word_1_213' title='bbox 493 2976 551 3035; x_wconf 87' lang='lat' dir='ltr'><strong>iam</strong></span> <span class='ocrx_word' id='word_1_214' title='bbox 574 2993 674 3036; x_wconf 89' lang='lat' dir='ltr'><strong>rerum</strong></span> <span class='ocrx_word' id='word_1_215' title='bbox 698 2994 812 3036; x_wconf 89' lang='lat' dir='ltr'><strong>summa</strong></span> <span class='ocrx_word' id='word_1_216' title='bbox 834 2978 942 3036; x_wconf 87' lang='lat' dir='ltr'><strong>reverti</strong></span> 
     </span>
     <span class='ocr_line' id='line_1_32' title="bbox 191 3063 913 3143; baseline 0.001 -20"><span class='ocrx_word' id='word_1_217' title='bbox 191 3064 228 3124; x_wconf 90' lang='lat' dir='ltr'><strong>de</strong></span> <span class='ocrx_word' id='word_1_218' title='bbox 250 3063 369 3142; x_wconf 86' lang='lat' dir='ltr'><strong>niloqne</strong></span> <span class='ocrx_word' id='word_1_219' title='bbox 392 3071 503 3124; x_wconf 56' lang='lat' dir='ltr'><strong>renata&gt;</strong></span> <span class='ocrx_word' id='word_1_220' title='bbox 516 3065 666 3141; x_wconf 85' lang='lat' dir='ltr'><strong>vigescere</strong></span> <span class='ocrx_word' id='word_1_221' title='bbox 693 3066 777 3143; x_wconf 85' lang='lat' dir='ltr'><strong>copia</strong></span> <span class='ocrx_word' id='word_1_222' title='bbox 799 3081 913 3142; x_wconf 81' lang='lat' dir='ltr'><strong>rerum3</strong></span> 
     </span>
     <span class='ocr_line' id='line_1_33' title="bbox 191 3148 1069 3230; baseline -0.001 -18"><span class='ocrx_word' id='word_1_223' title='bbox 191 3169 318 3230; x_wconf 85' lang='lat' dir='ltr'><strong>qnorum</strong></span> <span class='ocrx_word' id='word_1_224' title='bbox 339 3158 498 3230; x_wconf 80' lang='lat' dir='ltr'><strong>utrumque</strong></span> <span class='ocrx_word' id='word_1_225' title='bbox 521 3150 592 3229; x_wconf 90' lang='lat' dir='ltr'><strong>quid</strong></span> <span class='ocrx_word' id='word_1_226' title='bbox 615 3171 631 3212; x_wconf 88' lang='lat' dir='ltr'><strong>a</strong></span> <span class='ocrx_word' id='word_1_227' title='bbox 653 3170 723 3212; x_wconf 88' lang='lat' dir='ltr'><strong>vcro</strong></span> <span class='ocrx_word' id='word_1_228' title='bbox 746 3155 805 3213; x_wconf 88' lang='lat' dir='ltr'><strong>iam</strong></span> <span class='ocrx_word' id='word_1_229' title='bbox 828 3151 917 3211; x_wconf 87' lang='lat' dir='ltr'><strong>distet</strong></span> <span class='ocrx_word' id='word_1_230' title='bbox 938 3148 1069 3211; x_wconf 87' lang='lat' dir='ltr'><strong>habebis.</strong></span> 
     </span>
     <span class='ocr_line' id='line_1_34' title="bbox 191 3239 1017 3318; baseline -0.002 -18"><span class='ocrx_word' id='word_1_231' title='bbox 191 3239 298 3300; x_wconf 86' lang='lat' dir='ltr'><strong>deinde</strong></span> <span class='ocrx_word' id='word_1_232' title='bbox 320 3241 439 3300; x_wconf 88' lang='lat' dir='ltr'><strong>inimica</strong></span> <span class='ocrx_word' id='word_1_233' title='bbox 461 3239 557 3300; x_wconf 88' lang='lat' dir='ltr'><strong>modis</strong></span> <span class='ocrx_word' id='word_1_234' title='bbox 579 3239 680 3300; x_wconf 90' lang='lat' dir='ltr'><strong>multis</strong></span> <span class='ocrx_word' id='word_1_235' title='bbox 703 3247 773 3300; x_wconf 91' lang='lat' dir='ltr'><strong>sunt</strong></span> <span class='ocrx_word' id='word_1_236' title='bbox 795 3246 882 3318; x_wconf 69' lang='lat' dir='ltr'><strong>atque</strong></span> <span class='ocrx_word' id='word_1_237' title='bbox 905 3255 1017 3298; x_wconf 87' lang='lat' dir='ltr'><strong>veneno</strong></span> 
     </span>
     <span class='ocr_line' id='line_1_35' title="bbox 121 3325 1126 3409; baseline -0.005 -23"><span class='ocrx_word' id='word_1_238' title='bbox 121 3334 175 3386; x_wconf 83' lang='grc'><strong>700</strong></span> <span class='ocrx_word' id='word_1_239' title='bbox 191 3330 256 3407; x_wconf 86' lang='lat' dir='ltr'><strong>ipse</strong></span> <span class='ocrx_word' id='word_1_240' title='bbox 278 3327 336 3388; x_wconf 89' lang='lat' dir='ltr'><strong>sibi</strong></span> <span class='ocrx_word' id='word_1_241' title='bbox 358 3329 437 3388; x_wconf 82' lang='lat' dir='ltr'><strong>inter</strong></span> <span class='ocrx_word' id='word_1_242' title='bbox 459 3347 505 3409; x_wconf 80' lang='lat' dir='ltr'><strong>sc3</strong></span> <span class='ocrx_word' id='word_1_243' title='bbox 527 3346 617 3407; x_wconf 85' lang='lat' dir='ltr'><strong>qnare</strong></span> <span class='ocrx_word' id='word_1_244' title='bbox 641 3335 691 3390; x_wconf 86' lang='lat' dir='ltr'><strong>aut</strong></span> <span class='ocrx_word' id='word_1_245' title='bbox 714 3345 872 3406; x_wconf 85' lang='lat' dir='ltr'><strong>congressa</strong></span> <span class='ocrx_word' id='word_1_246' title='bbox 893 3325 1034 3407; x_wconf 84' lang='lat' dir='ltr'><strong>peribunt</strong></span> <span class='ocrx_word' id='word_1_247' title='bbox 1085 3341 1126 3382; x_wconf 80' lang='lat' dir='ltr'><strong>aco</strong></span> 
     </span>
     <span class='ocr_line' id='line_1_36' title="bbox 121 3415 856 3496; baseline 0.005 -24"><span class='ocrx_word' id='word_1_248' title='bbox 121 3424 171 3473; x_wconf 84' lang='grc'><strong>755</strong></span> <span class='ocrx_word' id='word_1_249' title='bbox 191 3423 241 3476; x_wconf 90' lang='lat' dir='ltr'><strong>aut</strong></span> <span class='ocrx_word' id='word_1_250' title='bbox 263 3418 305 3478; x_wconf 86' lang='lat' dir='ltr'><strong>ita</strong></span> <span class='ocrx_word' id='word_1_251' title='bbox 327 3415 482 3494; x_wconf 79' lang='lat' dir='ltr'><strong>diffugient</strong></span> <span class='ocrx_word' id='word_1_252' title='bbox 503 3423 537 3476; x_wconf 86' lang='lat' dir='ltr'><strong>ut</strong></span> <span class='ocrx_word' id='word_1_253' title='bbox 559 3422 732 3496; x_wconf 87' lang='lat' dir='ltr'><strong>tempestate</strong></span> <span class='ocrx_word' id='word_1_254' title='bbox 756 3422 856 3476; x_wconf 86' lang='lat' dir='ltr'><strong>coacta</strong></span> 
     </span>
     <span class='ocr_line' id='line_1_37' title="bbox 190 3503 1064 3583; baseline -0.006 -17"><span class='ocrx_word' id='word_1_255' title='bbox 190 3503 314 3566; x_wconf 85' lang='lat' dir='ltr'><strong>fulmina</strong></span> <span class='ocrx_word' id='word_1_256' title='bbox 336 3504 479 3583; x_wconf 80' lang='lat' dir='ltr'><strong>diffugere</strong></span> <span class='ocrx_word' id='word_1_257' title='bbox 503 3511 589 3582; x_wconf 87' lang='lat' dir='ltr'><strong>atque</strong></span> <span class='ocrx_word' id='word_1_258' title='bbox 612 3504 716 3564; x_wconf 89' lang='lat' dir='ltr'><strong>imbris</strong></span> <span class='ocrx_word' id='word_1_259' title='bbox 739 3511 900 3583; x_wconf 88' lang='lat' dir='ltr'><strong>ventosque</strong></span> <span class='ocrx_word' id='word_1_260' title='bbox 923 3503 1064 3564; x_wconf 82' lang='lat' dir='ltr'><strong>videmus.</strong></span> 
     </span>
     <span class='ocr_line' id='line_1_38' title="bbox 191 3591 990 3672; baseline -0.003 -19"><span class='ocrx_word' id='word_1_261' title='bbox 191 3593 318 3672; x_wconf 87' lang='lat' dir='ltr'><strong>denique</strong></span> <span class='ocrx_word' id='word_1_262' title='bbox 342 3599 480 3671; x_wconf 85' lang='lat' dir='ltr'><strong>quattuor</strong></span> <span class='ocrx_word' id='word_1_263' title='bbox 502 3611 538 3654; x_wconf 83' lang='lat' dir='ltr'><strong>cx</strong></span> <span class='ocrx_word' id='word_1_264' title='bbox 561 3591 650 3653; x_wconf 88' lang='lat' dir='ltr'><strong>rebus</strong></span> <span class='ocrx_word' id='word_1_265' title='bbox 675 3594 701 3652; x_wconf 92' lang='lat' dir='ltr'><strong>si</strong></span> <span class='ocrx_word' id='word_1_266' title='bbox 725 3599 829 3653; x_wconf 88' lang='lat' dir='ltr'><strong>cuncta</strong></span> <span class='ocrx_word' id='word_1_267' title='bbox 853 3598 990 3652; x_wconf 89' lang='lat' dir='ltr'><strong>creantur</strong></span> 
     </span>
    </p>
   </div>
   <div class='ocr_carea' id='block_1_3' title="bbox 0 0 1260 3882">
    <p class='ocr_par' dir='ltr' id='par_1_3' title="bbox 0 0 1260 3882">
     <span class='ocr_line' id='line_1_39' title="bbox 0 0 1260 3882; baseline 0 0"><span class='ocrx_word' id='word_1_268' title='bbox 0 0 1260 3882; x_wconf 95' lang='lat' dir='ltr'><strong> </strong></span> 
     </span>
    </p>
   </div>
  </div>
 </body>
</html>
