2512 3874
124 278 186 341 118
609 276 650 332 IV

122 441 179 491 000
192 431 222 485 et
245 426 313 503 quia
335 425 433 484 tenvia
456 431 538 506 sunt,
560 426 619 484 nisi
643 442 717 503 quae
742 424 907 505 contendit,
930 431 1013 484 acute

123 528 174 577 ‘185
193 530 315 573 cernere
334 530 394 573 non
412 514 490 591 potis
510 519 555 572 est
573 514 701 573 animus:
720 512 844 590 proinde
860 515 957 573 omnia
971 529 1046 590 quae
1060 519 1142 572 sunt

192 609 346 680 praeterea
368 607 507 680 pereunt,
529 598 640 661 nisisi
662 599 698 659 ad
722 618 797 678 quae
821 619 853 660 00
876 603 940 679 ipse
963 601 1088 679 paravit

194 691 258 768 ipse
281 695 365 767 parat
387 706 452 748 sese
475 707 565 767 porro
591 695 748 766 speratque
771 688 904 749 futurum
1094 707 1141 748 sos

193 784 228 836 ut
249 777 347 836 videat
369 775 447 854 quod
471 778 664 854 consequitur
685 794 749 837 rem
772 794 931 856 quamque:
954 777 988 836 iit
1010 793 1093 854 ergo.

124 880 180 931 005
193 882 291 925 00000
313 864 396 924 vides
420 863 520 924 oculos
544 866 646 945 etiam,
669 882 736 925 cum
759 867 856 924 tenvia
879 859 953 943 quae
977 871 1047 923 sunt
1094 886 1140 925 sor

125 967 176 1019 790
195 970 317 1012 cernere
340 959 515 1033 coeperunt,
538 953 716 1012 contendere
740 970 772 1012 se
795 960 882 1031 atque
905 970 1024 1032 parare,
1095 973 1140 1014 soe

194 1058 250 1100 nec
273 1042 336 1100 sine
360 1059 395 1100 οο
418 1040 484 1100 fieri
505 1058 593 1119 posse
617 1048 650 1100 nt
673 1059 827 1100 cernamus
851 1037 958 1100 acute?
1095 1061 1142 1102 sao

195 1135 345 1188 ettamen
368 1131 399 1188 in
421 1128 511 1189 rebus
534 1147 651 1207 quoqne
675 1131 785 1207 apertis
807 1147 931 1189 noscere
954 1130 1065 1208 possis,

196 1219 303 1276 sinon
326 1216 459 1277 advertas
481 1219 624 1298 animum,
647 1216 771 1295 proinde
794 1235 860 1277 esse
884 1218 968 1295 quasi
991 1217 1072 1275 omni

125 1319 180 1369 810
195 1312 328 1384 tempore
351 1312 497 1366 semotum
519 1306 609 1365 suerit
631 1304 776 1383 longeque
799 1313 954 1365 remotum.

126 1407 176 1457 090
195 1411 249 1455 our
271 1396 362 1472 igitur
384 1395 535 1475 mirumst,
558 1396 674 1454 animus
698 1395 723 1452 si
746 1401 844 1453 cetera
866 1392 964 1472 perdit

194 1489 422 1561 praeterquam
446 1481 553 1561 quibus
577 1489 623 1542 est
645 1483 677 1540 in
699 1480 789 1541 rebus
811 1481 929 1541 deditus
952 1477 1038 1559 ipse?
1094 1505 1141 1545 sio

196 1569 302 1629 deinde
326 1569 518 1648 adopinamur
541 1569 577 1630 de
601 1571 693 1648 signis
716 1571 842 1629 maxima
865 1571 963 1648 parvis

196 1677 230 1718 ac
252 1675 307 1717 nos
330 1660 362 1717 in
384 1657 517 1718 fraudem
541 1657 691 1717 induimus
714 1657 913 1717 frustraminis
936 1659 1003 1735 ipsi.

125 1761 181 1813 815
240 1744 287 1805 Fit
310 1763 427 1823 qnoque
450 1751 483 1805 ut
505 1745 655 1805 interdum
677 1763 737 1805 non
760 1745 965 1824 suppeditetur
988 1747 1085 1824 imago

126 1850 177 1899 000
196 1833 330 1893 eiusdem
352 1834 483 1913 generis,
510 1833 561 1893 sed
584 1833 694 1893 iemina
717 1852 791 1912 qnae
814 1833 973 1913 scitante,

196 1919 385 1981 inmanibus
408 1923 454 1980 vir
476 1923 521 1981 uti
543 1921 636 1981 iactus
659 1921 793 1982 videatur
816 1921 932 2001 adesse,
1094 1944 1139 1984 sco

197 2016 247 2071 ant
269 2009 325 2069 alia
349 2027 385 2068 ex
408 2008 463 2069 alia
486 2009 576 2070 facies
599 2017 737 2089 aetasque
761 2018 909 2088 sequatur.

198 2097 275 2177 quod
298 2116 336 2157 ne
359 2099 501 2158 miremur
524 2115 613 2176 sopor
636 2106 723 2176 atque
747 2097 853 2157 oblivia
876 2104 988 2158 curant.
1095 2121 1138 2162 mo

126 2203 184 2254 000
239 2179 249 2268 Η
261 2185 336 2246 Illud
359 2187 390 2245 in
412 2186 458 2246 his
482 2185 571 2245 rebus
594 2188 699 2246 vitium
721 2193 873 2246 vementer
896 2187 1006 2245 avessis
1095 2209 1138 2250 00

126 2291 178 2340 805
197 2275 339 2355 elingere,
363 2291 496 2334 errorem
518 2276 669 2353 vitareque
692 2281 943 2354 praemetuenter,

196 2362 367 2423 luminare
390 2362 480 2422 facias
503 2360 656 2422 oculorum
679 2361 758 2422 clara
780 2370 890 2444 creata,

196 2452 367 2530 prospicere
389 2457 424 2509 ut
445 2468 614 2530 possemus,
638 2457 668 2510 et
689 2457 723 2510 ut
745 2451 879 2529 proferre
902 2468 1044 2528 queamus
1095 2475 1138 2514 eas

196 2555 336 2616 proceros
359 2555 477 2617 passuS,
500 2537 567 2597 ideo
590 2538 706 2616 fastigia
728 2557 816 2616 posse
1095 2563 1137 2602 ser

126 2641 185 2693 825
197 2643 333 2685 surarum
357 2643 390 2684 ac
412 2626 555 2686 feminum
577 2625 703 2704 pedibus
726 2626 846 2686 fundata
868 2625 985 2707 plicari,

126 2730 178 2779 810
197 2712 318 2773 brachia
339 2720 404 2773 tum
425 2732 514 2792 porro
537 2713 641 2774 validis
665 2732 702 2774 en
725 2722 791 2792 apta
813 2713 931 2774 lacertis

197 2819 262 2861 esse
285 2819 448 2879 manusque
472 2801 554 2862 datas
576 2807 701 2880 utraque
724 2809 866 2880 exparte
889 2803 1053 2883 ministras,
1096 2825 1139 2866 cco

197 2897 230 2951 ut
253 2889 349 2950 facere
373 2889 408 2949 ad
432 2891 521 2949 vitam
543 2908 699 2969 possemus
723 2908 797 2968 quae
820 2890 898 2949 foret
920 2908 1000 2950 usus.

198 2985 296 3038 cetera
318 2977 355 3038 de
379 2995 486 3056 genere
509 2978 565 3038 hoc
588 2980 667 3038 inter
691 2995 893 3057 quaecumque
915 2986 1084 3060 pretantur,

126 3081 182 3133 830
198 3068 296 3126 omnia
318 3084 457 3144 perversa
479 3074 669 3145 praepostera
692 3072 761 3125 sunt
783 3068 910 3146 ratione,

127 3170 178 3219 815
197 3153 240 3214 nil
263 3154 329 3214 ideo
353 3156 491 3233 quoniam
514 3161 645 3214 natumst
667 3157 699 3214 in
722 3171 846 3232 corpore
869 3161 903 3214 ut
924 3155 969 3213 uti

197 3259 365 3321 possemus,
388 3242 440 3302 sed
465 3241 542 3321 quod
565 3249 695 3302 natumst
717 3242 747 3302 id
769 3248 906 3321 procreat
928 3260 1023 3303 nsum.
1097 3264 1139 3305 000

198 3346 253 3388 000
276 3328 331 3387 fuit
354 3336 421 3389 ante
443 3330 543 3390 videre
568 3330 721 3390 oculorum
743 3329 855 3390 lumina
878 3337 958 3410 nata,

197 3433 253 3475 nec
276 3415 364 3474 dietis
388 3435 471 3477 orare
495 3419 579 3496 prius
604 3436 693 3496 quam
715 3417 814 3496 lingua
837 3425 976 3498 creatast,

127 3517 183 3586 030
200 3502 253 3562 000
274 3503 374 3581 potius
396 3503 482 3582 longe
505 3505 622 3583 linguae
645 3507 808 3584 praecessit
830 3507 912 3583 origo

512 3590 604 3670 [soe]
622 3621 663 3642 --
679 3589 751 3655 804.
775 3680 777 3684 Ι
