2496 3876
137 179 190 272 x'x
503 206 784 264 rnonncounnn.

140 370 185 424 est
217 359 294 440 apud
326 357 453 419 Graecos
484 355 689 434 Romanosque
721 362 808 434 atque
841 355 917 435 apud
948 373 1017 415 nost
1048 360 1151 434 possis

141 452 221 511 enim
242 454 371 508 vertere:
396 464 429 506 es
452 444 550 523 folgen
573 443 621 504 die
644 442 740 503 bilder
761 442 815 502 der
837 443 935 524 dinge,
956 475 1001 486 -
1023 463 1087 505 was
1110 448 1152 505 im

140 538 229 598 lichte
253 536 375 615 gelegen
392 536 440 593 ist.
482 534 533 611 qui
551 533 669 610 generis
687 533 821 591 neutrius
839 538 908 609 post
924 531 1151 593 antecedentem

141 643 242 686 vocem
259 641 308 686 res
322 625 353 683 in
368 623 519 682 enuntiato
533 618 654 680 relativo
668 638 740 680 usus
758 618 809 699 ibi,
827 618 879 678 ubi
893 637 989 699 neque
1003 619 1153 700 ambigui·

141 722 231 774 tatem
258 711 347 773 habet
373 727 469 788 neque
496 710 769 788 inconcinnitatem,
796 709 915 767 omnino
942 709 1066 768 vitiosus
1091 728 1153 770 non

142 810 196 883 est,
218 803 306 861 utin
323 791 937 874 iliov.111184sq.qucmres..ollo,
960 794 1154 860 eunomios

141 905 271 969 quorum
289 934 296 946 .
312 933 318 946 .
334 933 340 946 .
359 887 475 947 natura
493 883 620 946 videtur.
657 883 712 944 alia
731 886 791 943 sive
810 883 931 944 libertas
950 886 1010 944 sive
1029 883 1153 946 licentia

143 997 160 1037 a
193 975 450 1054 grammaticorum
482 974 637 1034 severitate
668 971 811 1032 recedens
844 978 890 1032 est
920 973 951 1031 in
978 971 1153 1054 collectivis,

143 1062 261 1124 veluti
288 1058 354 1124 456
378 1081 434 1143 sq,
460 1061 513 1122 ubi
539 1060 663 1137 legimus
690 1057 837 1121 arbusto.
853 1107 873 1139 .,
900 1057 982 1138 qaod
1008 1058 1045 1121 t'tt
1072 1064 1153 1124 totae

145 1151 207 1213 scil.
239 1148 374 1231 arboreo,
405 1169 442 1210 er
476 1149 523 1209 his
555 1149 634 1207 enim
666 1147 785 1208 arbusta
819 1155 960 1208 constant.
1013 1153 1153 1227 proxima

145 1241 214 1301 huic
232 1241 334 1318 generi
352 1246 429 1318 sunt,
448 1236 545 1316 qualia
562 1243 722 1296 occurrunt
739 1236 757 1296 l.
772 1235 798 1295 Π
812 1255 837 1296 v.
854 1232 919 1297 174
932 1252 1029 1316 pertus
1041 1235 1154 1300 humo

144 1346 228 1390 rtem.
273 1344 403 1407 quorum
424 1324 617 1388 coueoetV
641 1321 1152 1404 conquerentesque...

145 1433 226 1479 unos
257 1414 383 1495 quisque
413 1432 530 1494 emron,
567 1413 663 1491 qualia
693 1419 793 1473 tamen
824 1431 861 1473 ne
894 1415 997 1492 optimi
1028 1415 1154 1492 quidem

147 1523 254 1567 aureae
273 1507 377 1564 aetatis
396 1505 556 1581 scriptores
574 1503 679 1561 vitiosa
698 1519 764 1561 esse
781 1508 931 1579 putarunt.
973 1501 1050 1580 quod
1070 1503 1155 1564 idem

146 1592 291 1654 contendo
320 1591 356 1650 de
383 1607 418 1650 ec
446 1590 524 1668 quod
552 1595 597 1649 est
623 1588 660 1647 Ν
683 1585 747 1650 915
772 1585 867 1650 aeriis
889 1587 977 1651 auris
992 1637 998 1650 .
1014 1637 1020 1650 .
1036 1637 1052 1672 .,
1075 1589 1155 1672 eius,

146 1684 178 1741 in
207 1698 264 1758 quo
286 1678 490 1738 Lachmannus
519 1675 652 1756 offendit,
680 1679 763 1755 quasi
790 1695 850 1736 non
873 1677 980 1738 Caesar
1004 1678 1040 1739 de
1064 1678 1092 1738 b.
1120 1680 1155 1742 G.

146 1767 160 1828 l
177 1763 222 1827 40
240 1768 394 1845 scripserit
410 1760 516 1827 servili
530 1760 670 1839 tumulto,
692 1780 778 1843 quos
796 1767 898 1826 tumen
916 1771 947 1826 et
964 1784 1024 1826 non
1041 1768 1155 1849 minus,

149 1858 175 1916 si
206 1855 252 1915 dis
283 1852 379 1933 placet
411 1860 441 1914 et
472 1855 683 1933 grammaticis,
716 1852 830 1914 soeloee
859 1853 1018 1915 Schillerus
1048 1863 1157 1918 noster

149 1946 207 2004 ein
240 1942 458 2003 streitendes
491 1939 773 2022 gestaltenhccr,
805 1941 861 2001 die
895 1945 997 2002 seinen
1029 1945 1098 2003 sinn
1123 1948 1156 2006 in

149 2029 385 2092 silavenbanden
410 2028 530 2090 hielten.
576 2028 612 2089 ci.
639 2030 728 2089 etiam
758 2047 832 2109 quae
859 2030 936 2089 inira
963 2030 998 2090 ad
1025 2030 1062 2090 Ν
1088 2030 1156 2095 165

149 2127 179 2180 et
202 2116 265 2182 782
289 2117 423 2179 scribam.

236 2206 338 2286 Neque
356 2213 455 2267 tamen
472 2208 516 2267 eis
530 2205 751 2267 assentiendum
764 2212 823 2286 est,
838 2208 889 2284 qui
902 2205 1016 2266 nullum
1031 2211 1155 2269 omnino

150 2296 357 2358 soloecismum
379 2315 396 2356 a
413 2293 550 2356 Lucretio
574 2294 635 2373 iugi
653 2295 710 2354 reti
729 2292 820 2354 scribi
838 2293 979 2355 iubebant
996 2295 1009 2355 Ι
1028 2292 1093 2357 189
1109 2316 1156 2376 sq.

150 2381 256 2446 omnia
352 2385 590 2463 crescentesque,
612 2382 649 2442 Ν
670 2379 736 2442 443
764 2400 807 2460 sq.
834 2384 891 2442 aot
916 2380 965 2444 bie
991 2381 1158 2447 conium

150 2467 269 2532 duobos
281 2467 370 2532 rebus
384 2517 390 2529 .
402 2517 425 2530 ..
440 2473 495 2531 aot
506 2467 622 2532 borum
635 2472 741 2532 eventa
755 2463 801 2552 (in
814 2468 915 2531 Leidd.
931 2478 976 2531 est
989 2469 1157 2536 coniuncto

150 2554 272 2620 duobus
295 2604 301 2617 .
321 2604 328 2617 .
348 2603 354 2617 .
377 2555 466 2618 rebus
488 2604 495 2617 .
515 2604 521 2616 .
541 2604 548 2616 .
570 2555 698 2638 borum,
730 2564 763 2618 ut
790 2566 941 2640 appareat,
969 2567 1077 2637 quanta
1106 2561 1157 2621 hic

151 2646 286 2707 codicum
322 2647 480 2706 auctoritas
517 2663 581 2705 esse
618 2639 751 2728 debeat),
787 2645 825 2705 Ν
861 2645 903 2709 66
936 2665 999 2726 sqq.
1036 2644 1159 2710 tenea

150 2750 352 2814 seponamus
383 2729 527 2815 illorum,
560 2735 631 2813 quin
664 2735 752 2794 ctiam
784 2734 821 2794 Ν
848 2733 912 2797 266
944 2733 980 2796 t'n
1010 2751 1080 2796 eum
1115 2755 1158 2797 se.

150 2820 305 2907 speculum
336 2822 408 2882 ierri
438 2839 525 2902 posse
557 2829 710 2901 putarunt:
743 2840 816 2902 quos
848 2824 893 2882 rei
922 2824 1065 2884 rationem
1093 2843 1158 2885 non

150 2914 338 2993 perspexisse
358 2910 583 2971 existimandum
603 2918 656 2972 est.
688 2928 839 2989 nunquam
852 2913 932 2971 enim
947 2911 1158 2974 soloecismum

152 3002 279 3061 admittit
305 2999 474 3080 Lucretius,
505 2989 565 3059 nisi
595 3001 636 3060 ita
668 3001 693 3059 si
726 3017 814 3078 quam
842 3000 874 3057 in
900 3016 989 3060 versu
1017 3001 1158 3078 tingendo

152 3088 388 3149 commoditatem
420 3087 488 3146 inde
520 3087 630 3148 lucrari
661 3088 790 3148 videtur:
825 3085 906 3148 velut
939 3088 1059 3148 difficile
1091 3097 1159 3150 erat

152 3176 165 3236 1
193 3172 234 3238 51
272 3193 359 3237 versu
395 3175 493 3235 dicere
530 3169 608 3258 (res)
640 3174 765 3238 eaedem
794 3178 975 3256 peremptae
1005 3174 1158 3237 resolvere

153 3271 295 3324 naturam.
337 3281 410 3342 quae
435 3264 532 3323 omnia
554 3281 613 3323 non
637 3265 678 3324 ita
700 3265 828 3344 disputo,
850 3272 884 3324 ut
906 3265 943 3324 de
961 3263 1055 3344 laude,
1080 3283 1158 3342 quae

155 3352 192 3412 ob
212 3353 357 3411 sermonis
378 3353 542 3412 castitatem
559 3349 697 3412 Lucretio
719 3351 868 3432 tribuitur,
887 3351 1041 3412 detrahere
1059 3351 1159 3434 velim,

153 3442 213 3500 nisi
237 3438 312 3497 iorte
331 3456 449 3516 parvam
467 3439 594 3518 aliquam
611 3446 735 3520 partem,
758 3438 809 3498 sed
828 3445 861 3500 ut
881 3439 1010 3520 doceam,
1034 3448 1159 3519 quanto-

154 3545 225 3606 pere
254 3543 357 3586 cavere
386 3525 556 3609 debeamus,
584 3546 620 3589 ne
649 3533 781 3588 correcta
808 3526 944 3608 velimus,
972 3529 998 3587 si
1026 3545 1101 3606 quae
1125 3531 1160 3589 in
