2500 3882
603 227 642 282 ΙΙΙ
1083 227 1125 292 89

189 377 268 437 scire
290 375 361 436 licet
381 375 467 436 nohis
491 374 533 435 nil
556 387 621 436 esse
644 376 678 434 in
699 381 794 459 morte
816 376 994 456 timendum,
1086 397 1126 438 aaa

117 480 175 532 805
189 482 246 524 080
268 465 411 523 miserum
433 463 499 522 lieri
523 464 574 540 qui
596 479 656 522 non
679 464 725 522 est
746 480 847 544 posse,
869 481 966 542 neque
988 463 1083 524 hilum

119 569 172 620 808
192 551 311 612 differre
334 569 372 611 an
394 549 474 611 nullo
498 551 589 610 luerit
610 551 669 610 iam
693 556 827 630 tempore
850 559 950 631 natus,

190 638 344 700 mortalem
365 641 455 700 vitam
477 655 558 698 mors
580 656 648 699 cum
670 638 834 699 inmortalis
857 639 973 700 ademit

234 725 361 787 Proinde
379 725 432 786 ubi
446 744 477 787 se
492 725 591 787 rideas
605 726 755 787 hominem
769 728 952 806 indignarier
965 729 1072 808 ipsum,
1085 750 1126 790 aro

190 821 259 894 post
281 821 406 874 mortem
429 814 492 875 lore
514 821 550 875 ut
572 820 622 875 aut
644 821 779 893 putescat
801 833 925 894 corpore
948 823 1033 894 posto

118 920 175 970 870
189 910 240 964 aut
263 902 389 963 flammis
411 903 541 964 interfiat
563 901 684 963 malisve
707 903 849 984 terarum,

119 1007 172 1056 8⁷0
191 992 268 1052 scire
291 990 360 1050 licet
381 1007 443 1050 non
465 991 614 1051 sincerum
637 1008 756 1073 sonere,
779 999 866 1070 atque
889 991 1012 1052 subesse

192 1096 313 1140 caecum
336 1077 464 1156 aliquem
487 1077 569 1138 cordi
592 1077 756 1160 stimulum,
780 1081 912 1158 quamvis
934 1086 1022 1158 neget
1044 1081 1108 1158 ipse

191 1165 314 1227 credere
329 1183 361 1225 se
376 1183 552 1244 quemquam
567 1166 625 1226 sibi
639 1185 759 1228 sensum
773 1169 804 1227 in
818 1175 914 1227 morte
928 1167 1073 1228 futurum:
1087 1186 1126 1228 aaa

190 1271 264 1335 non,
286 1261 319 1314 ut
342 1255 460 1334 opinor,
483 1255 562 1314 enim
586 1253 635 1314 dat
657 1255 735 1334 quod
757 1256 905 1333 promittit
926 1261 957 1315 et
977 1255 1070 1335 unde,

119 1359 175 1410 875
191 1360 247 1403 nec
270 1341 412 1403 radicitus
435 1359 451 1402 e
474 1344 533 1402 rita
556 1359 587 1401 se
610 1341 686 1402 tollit
709 1349 738 1402 et
761 1344 843 1422 eicit,

120 1447 172 1497 878
192 1430 245 1491 sed
269 1430 338 1490 facit
361 1446 426 1491 esse
450 1431 498 1491 sui
521 1428 660 1507 quiddam
683 1448 772 1509 super
793 1432 907 1490 inscius
930 1431 1002 1509 ipse.

191 1520 275 1578 virus
298 1519 378 1578 enim
401 1516 459 1576 sihi
481 1534 549 1577 cum
570 1519 710 1596 proponit
732 1519 856 1597 quisque
880 1518 1025 1599 futurum,

191 1619 300 1685 corpus
321 1606 366 1666 uti
388 1603 523 1665 volucres
545 1604 676 1666 lacerent
697 1608 728 1666 in
750 1613 845 1666 morte
869 1606 1020 1688 feraeque,
1087 1629 1126 1669 aso

191 1696 256 1772 ipse
280 1695 327 1754 sui
348 1694 483 1753 miseret:
506 1710 602 1772 neque
626 1695 705 1753 enirn
728 1712 760 1753 se
783 1693 887 1754 dividit
909 1692 984 1754 illim

119 1797 246 1849 880088
268 1788 401 1840 0000080
423 1783 494 1840 satis
517 1800 534 1842 a
555 1783 687 1861 proiecto
711 1799 833 1860 corpore
858 1788 888 1841 et
909 1781 992 1842 illum

120 1885 172 1936 880
191 1888 225 1930 88
247 1869 332 1946 fingit
354 1886 503 1947 sensuque
525 1887 580 1928 sno
603 1872 782 1931 contaminat
804 1876 915 1929 astans:

190 1957 261 2016 hinc
282 1956 452 2034 indignatur
475 1975 507 2016 se
530 1956 683 2017 mortalem
707 1976 773 2018 osse
795 1965 939 2037 creatum,

191 2062 247 2104 neo
269 2044 349 2105 ridet
372 2047 403 2104 in
425 2061 494 2104 vera
516 2043 630 2104 nullum
653 2045 714 2105 lore
737 2052 832 2105 morte
855 2043 944 2105 alium
968 2063 1015 2128 se,
1088 2067 1126 2108 aas

191 2133 244 2210 qui
265 2134 360 2210 possit
382 2133 465 2192 vivus
489 2130 548 2191 sihi
571 2149 603 2191 se
626 2131 726 2211 lugere
749 2138 949 2212 peremptum,

120 2234 178 2287 885
192 2226 333 2298 stansque
356 2221 500 2280 iacentem
522 2234 555 2280 se
576 2218 700 2280 lacerari
721 2221 803 2279 urive
827 2219 935 2280 dolere.

120 2324 173 2374 sss
192 2325 261 2367 nam
283 2310 310 2368 si
332 2309 364 2368 in
386 2313 481 2367 morte
504 2305 643 2368 malumst
665 2306 750 2366 malis
771 2325 932 2386 morsuque
956 2307 1085 2368 lerarum

191 2397 326 2476 tractari,
347 2413 407 2456 non
430 2396 547 2456 invenio
571 2397 623 2474 qui
644 2413 704 2455 non
727 2396 766 2456 sit
788 2395 928 2456 acerbum

191 2483 310 2562 ignibus
333 2486 495 2563 inpositum
517 2481 620 2544 calidis
642 2489 807 2544 torrescere
830 2483 968 2565 llammis,
1088 2508 1128 2548 aso

193 2573 297 2632 autin
319 2571 405 2632 melle
429 2574 518 2632 situm
541 2571 693 2650 suffocari,
718 2577 805 2649 atque
828 2574 925 2650 rigere

121 2659 315 2740 890lrigore,
338 2677 405 2720 cum
428 2677 543 2719 summo
567 2658 657 2737 gelidi
679 2659 766 2719 cubat
789 2677 916 2738 aequore
940 2662 1016 2740 saxi,

120 2765 175 2814 880
192 2750 327 2825 urgerive
351 2763 478 2826 superne
501 2745 644 2807 obtritum
666 2747 797 2826 pondere
819 2754 924 2808 terrae.

237 2830 308 2894 ‘lam
330 2837 389 2894 iam
411 2851 471 2894 non
494 2833 598 2894 domus
622 2836 748 2914 accipiet
768 2841 798 2895 te
821 2835 909 2916 laeta,
933 2853 1030 2914 neque
1054 2854 1129 2896 uxor

193 2925 302 3002 optima
325 2940 380 2983 nec
403 2920 504 2983 dulces
528 2930 686 2984 occurrent
708 2922 808 2984 oscula
831 2925 892 2982 nati
1088 2947 1128 2988 sos

190 3012 362 3089 praeripere
386 3017 415 3070 et
436 3012 525 3071 tacita
547 3018 652 3089 pectus
676 3011 830 3072 dulcedine
853 3018 981 3089 tangent.

119 3112 177 3167 896
190 3116 250 3158 000
272 3099 385 3176 poteris
407 3098 492 3158 lactis
514 3097 689 3159 florentibus
713 3117 779 3160 esse
800 3100 920 3176 tuisque

119 3203 173 3254 sos
190 3185 380 3266 praesidium.
417 3188 528 3246 misero
551 3181 672 3247 misere'
694 3189 777 3247 aiunt
799 3182 909 3246 ‘omnia
932 3186 1040 3248 ademit

191 3292 250 3335 una
273 3273 337 3334 dies
359 3274 468 3334 infesta
490 3273 546 3334 tibi
568 3281 612 3334 tot
633 3277 763 3353 praemia
786 3269 882 3334 vitae?

190 3361 263 3423 illud
286 3364 319 3422 in
341 3362 389 3422 his
411 3361 501 3422 rebus
524 3380 584 3422 non
607 3361 730 3442 addunt,
753 3357 820 3422 ‘nec
842 3362 896 3423 tihi
920 3380 1021 3423 earum
1088 3384 1128 3424 ooo

190 3453 249 3510 iam
272 3450 454 3511 desiderium
476 3468 579 3510 rerum
601 3467 691 3529 super
713 3449 823 3510 insidet
845 3445 924 3511 una'

116 3555 174 3608 900
189 3539 269 3617 quod
292 3539 367 3600 bene
391 3541 418 3600 si
440 3537 559 3599 rideant
582 3539 679 3598 animo
702 3537 848 3616 dictisque
871 3543 1044 3616 sequantur,
