<?xml version="1.0" encoding="UTF-8"?>
<!DOCTYPE html PUBLIC "-//W3C//DTD XHTML 1.0 Transitional//EN"
    "http://www.w3.org/TR/xhtml1/DTD/xhtml1-transitional.dtd">
<html xmlns="http://www.w3.org/1999/xhtml" xml:lang="en" lang="en">
 <head>
  <title>
</title>
<meta http-equiv="Content-Type" content="text/html;charset=utf-8" />
  <meta name='ocr-system' content='tesseract 3.04.00' />
  <meta name='ocr-capabilities' content='ocr_page ocr_carea ocr_par ocr_line ocrx_word'/>
</head>
<body>
  <div class='ocr_page' id='page_1' title='image "./tlucreticarider20carugoog_0014.png"; bbox 0 0 2496 3876; ppageno 0'>
   <div class='ocr_carea' id='block_1_1' title="bbox 486 237 1132 293">
    <p class='ocr_par' dir='ltr' id='par_1_1' title="bbox 486 237 1132 293">
     <span class='ocr_line' id='line_1_1' title="bbox 486 237 1132 293; baseline 0.002 -3"><span class='ocrx_word' id='word_1_1' title='bbox 486 237 767 293; x_wconf 79' lang='lat' dir='ltr'><strong>PROLEGOMENA.</strong></span> <span class='ocrx_word' id='word_1_2' title='bbox 1079 237 1132 291; x_wconf 85' lang='lat' dir='ltr'><strong>VII</strong></span> 
     </span>
    </p>
   </div>
   <div class='ocr_carea' id='block_1_2' title="bbox 120 381 1131 556">
    <p class='ocr_par' dir='ltr' id='par_1_2' title="bbox 120 381 1131 556">
     <span class='ocr_line' id='line_1_2' title="bbox 120 381 1131 463; baseline -0.002 -16"><span class='ocrx_word' id='word_1_3' title='bbox 120 384 199 447; x_wconf 81' lang='lat' dir='ltr'><strong>dnm</strong></span> <span class='ocrx_word' id='word_1_4' title='bbox 230 385 336 446; x_wconf 75' lang='lat' dir='ltr'><strong>contro</strong></span> <span class='ocrx_word' id='word_1_5' title='bbox 361 381 435 446; x_wconf 85' lang='lat' dir='ltr'><strong>boec</strong></span> <span class='ocrx_word' id='word_1_6' title='bbox 460 382 578 463; x_wconf 63' lang='lat' dir='ltr'><strong>inauri,</strong></span> <span class='ocrx_word' id='word_1_7' title='bbox 610 383 757 446; x_wconf 81' lang='lat' dir='ltr'><strong>materiei</strong></span> <span class='ocrx_word' id='word_1_8' title='bbox 782 385 930 446; x_wconf 77' lang='lat' dir='ltr'><strong>notorum</strong></span> <span class='ocrx_word' id='word_1_9' title='bbox 956 401 1019 446; x_wconf 78' lang='lat' dir='ltr'><strong>ooo</strong></span> <span class='ocrx_word' id='word_1_10' title='bbox 1039 401 1131 463; x_wconf 79' lang='lat' dir='ltr'><strong>posse</strong></span> 
     </span>
     <span class='ocr_line' id='line_1_3' title="bbox 120 467 1131 556; baseline -0.002 -20"><span class='ocrx_word' id='word_1_11' title='bbox 120 473 214 536; x_wconf 73' lang='grc'><strong>1111111</strong></span> <span class='ocrx_word' id='word_1_12' title='bbox 227 471 294 533; x_wconf 79' lang='lat' dir='ltr'><strong>sine</strong></span> <span class='ocrx_word' id='word_1_13' title='bbox 307 470 434 534; x_wconf 77' lang='lat' dir='ltr'><strong>numine</strong></span> <span class='ocrx_word' id='word_1_14' title='bbox 442 471 530 534; x_wconf 79' lang='lat' dir='ltr'><strong>reddi</strong></span> <span class='ocrx_word' id='word_1_15' title='bbox 540 467 594 556; x_wconf 71' lang='lat' dir='ltr'><strong>(l),</strong></span> <span class='ocrx_word' id='word_1_16' title='bbox 609 475 693 534; x_wconf 78' lang='lat' dir='ltr'><strong>teoto</strong></span> <span class='ocrx_word' id='word_1_17' title='bbox 703 491 789 552; x_wconf 76' lang='lat' dir='ltr'><strong>opere</strong></span> <span class='ocrx_word' id='word_1_18' title='bbox 803 520 827 533; x_wconf 92' lang='lat'><strong>..</strong></span> <span class='ocrx_word' id='word_1_19' title='bbox 842 475 962 534; x_wconf 79' lang='lat' dir='ltr'><strong>mutare</strong></span> <span class='ocrx_word' id='word_1_20' title='bbox 974 519 982 533; x_wconf 88' lang='lat'><strong>.</strong></span> <span class='ocrx_word' id='word_1_21' title='bbox 993 519 1000 533; x_wconf 96' lang='lat'><strong>.</strong></span> <span class='ocrx_word' id='word_1_22' title='bbox 1011 471 1131 552; x_wconf 73' lang='lat' dir='ltr'><strong>froper-</strong></span> 
     </span>
    </p>
   </div>
   <div class='ocr_carea' id='block_1_3' title="bbox 20 558 1131 650">
    <p class='ocr_par' dir='ltr' id='par_1_3' title="bbox 20 558 1131 650">
     <span class='ocr_line' id='line_1_4' title="bbox 20 558 1131 650; baseline 0 -28"><span class='ocrx_word' id='word_1_23' title='bbox 20 639 31 650; x_wconf 36' lang='grc'><strong><em>,</em></strong></span> <span class='ocrx_word' id='word_1_24' title='bbox 119 579 182 640; x_wconf 80' lang='lat' dir='ltr'><strong>que</strong></span> <span class='ocrx_word' id='word_1_25' title='bbox 208 577 323 635; x_wconf 75' lang='grc'><strong>1111111,</strong></span> <span class='ocrx_word' id='word_1_26' title='bbox 355 563 384 622; x_wconf 86' lang='lat' dir='ltr'><strong>ot</strong></span> <span class='ocrx_word' id='word_1_27' title='bbox 410 559 477 621; x_wconf 78' lang='lat' dir='ltr'><strong>lom</strong></span> <span class='ocrx_word' id='word_1_28' title='bbox 502 563 600 622; x_wconf 71' lang='grc'><strong>111111</strong></span> <span class='ocrx_word' id='word_1_29' title='bbox 626 558 781 641; x_wconf 77' lang='lat' dir='ltr'><strong>(mortalis</strong></span> <span class='ocrx_word' id='word_1_30' title='bbox 807 579 885 640; x_wconf 80' lang='lat' dir='ltr'><strong>quoe</strong></span> <span class='ocrx_word' id='word_1_31' title='bbox 910 559 1019 622; x_wconf 76' lang='lat' dir='ltr'><strong>enodet</strong></span> <span class='ocrx_word' id='word_1_32' title='bbox 1043 560 1131 622; x_wconf 77' lang='lat' dir='ltr'><strong>odire</strong></span> 
     </span>
    </p>
   </div>
   <div class='ocr_carea' id='block_1_4' title="bbox 121 645 1131 904">
    <p class='ocr_par' dir='ltr' id='par_1_4' title="bbox 121 645 1131 904">
     <span class='ocr_line' id='line_1_5' title="bbox 121 645 1131 729; baseline 0 -19"><span class='ocrx_word' id='word_1_33' title='bbox 121 697 154 710; x_wconf 87' lang='lat'><strong>..</strong></span> <span class='ocrx_word' id='word_1_34' title='bbox 174 652 204 710; x_wconf 86' lang='lat' dir='ltr'><strong>et</strong></span> <span class='ocrx_word' id='word_1_35' title='bbox 218 667 268 710; x_wconf 82' lang='lat' dir='ltr'><strong>res</strong></span> <span class='ocrx_word' id='word_1_36' title='bbox 283 667 342 726; x_wconf 84' lang='lat' dir='ltr'><strong>per</strong></span> <span class='ocrx_word' id='word_1_37' title='bbox 359 647 476 710; x_wconf 69' lang='lat' dir='ltr'><strong>boonis</strong></span> <span class='ocrx_word' id='word_1_38' title='bbox 494 645 646 710; x_wconf 72' lang='lat' dir='ltr'><em>blanditer</em></span> <span class='ocrx_word' id='word_1_39' title='bbox 662 646 771 724; x_wconf 75' lang='lat' dir='ltr'><strong>santo,</strong></span> <span class='ocrx_word' id='word_1_40' title='bbox 784 646 968 729; x_wconf 77' lang='lat' dir='ltr'><strong>propopem)</strong></span> <span class='ocrx_word' id='word_1_41' title='bbox 986 666 1131 728; x_wconf 74' lang='grc'><strong>1191111</strong></span> 
     </span>
     <span class='ocr_line' id='line_1_6' title="bbox 123 735 1131 815; baseline -0.001 -16"><span class='ocrx_word' id='word_1_42' title='bbox 123 736 243 799; x_wconf 73' lang='lat' dir='ltr'><strong>occidat</strong></span> <span class='ocrx_word' id='word_1_43' title='bbox 262 735 433 813; x_wconf 75' lang='lat' dir='ltr'><strong>burbonum</strong></span> <span class='ocrx_word' id='word_1_44' title='bbox 456 739 546 815; x_wconf 79' lang='lat' dir='ltr'><strong>atque</strong></span> <span class='ocrx_word' id='word_1_45' title='bbox 566 735 675 798; x_wconf 78' lang='lat' dir='ltr'><strong>borum</strong></span> <span class='ocrx_word' id='word_1_46' title='bbox 693 735 799 798; x_wconf 77' lang='lat' dir='ltr'><strong>omnio</strong></span> <span class='ocrx_word' id='word_1_47' title='bbox 816 755 919 813; x_wconf 82' lang='lat' dir='ltr'><strong>causo,</strong></span> <span class='ocrx_word' id='word_1_48' title='bbox 942 736 1131 799; x_wconf 74' lang='lat' dir='ltr'><strong>corestitnisse</strong></span> 
     </span>
     <span class='ocr_line' id='line_1_7' title="bbox 123 822 1130 904; baseline -0.002 -18"><span class='ocrx_word' id='word_1_49' title='bbox 123 825 291 886; x_wconf 71' lang='grc'><strong>1111111111</strong></span> <span class='ocrx_word' id='word_1_50' title='bbox 316 823 448 904; x_wconf 72' lang='lat' dir='ltr'><strong>fiopont,</strong></span> <span class='ocrx_word' id='word_1_51' title='bbox 476 822 610 886; x_wconf 80' lang='lat' dir='ltr'><strong>omoibu&#39;</strong></span> <span class='ocrx_word' id='word_1_52' title='bbox 636 822 725 886; x_wconf 81' lang='lat' dir='ltr'><strong>rebus</strong></span> <span class='ocrx_word' id='word_1_53' title='bbox 752 873 785 887; x_wconf 89' lang='lat'><strong>..</strong></span> <span class='ocrx_word' id='word_1_54' title='bbox 812 823 961 887; x_wconf 61' lang='lat' dir='ltr'><strong>elidentur.</strong></span> <span class='ocrx_word' id='word_1_55' title='bbox 1012 845 1048 886; x_wconf 86' lang='grc'><strong>11</strong></span> <span class='ocrx_word' id='word_1_56' title='bbox 1074 825 1130 885; x_wconf 91' lang='lat' dir='ltr'><strong>hoc</strong></span> 
     </span>
    </p>
   </div>
   <div class='ocr_carea' id='block_1_5' title="bbox 15 907 1131 995">
    <p class='ocr_par' dir='ltr' id='par_1_5' title="bbox 15 907 1131 995">
     <span class='ocr_line' id='line_1_8' title="bbox 15 907 1131 995; baseline -0.002 -21"><span class='ocrx_word' id='word_1_57' title='bbox 15 907 16 912; x_wconf 61' lang='grc'>’</span> <span class='ocrx_word' id='word_1_58' title='bbox 124 931 187 974; x_wconf 93' lang='lat' dir='ltr'><strong>uno</strong></span> <span class='ocrx_word' id='word_1_59' title='bbox 219 913 365 992; x_wconf 85' lang='lat' dir='ltr'><strong>exemplo,</strong></span> <span class='ocrx_word' id='word_1_60' title='bbox 402 915 460 973; x_wconf 89' lang='lat' dir='ltr'><strong>nisi</strong></span> <span class='ocrx_word' id='word_1_61' title='bbox 491 912 587 994; x_wconf 86' lang='lat' dir='ltr'><strong>lallor,</strong></span> <span class='ocrx_word' id='word_1_62' title='bbox 618 915 749 993; x_wconf 80' lang='lat' dir='ltr'><strong>perspici</strong></span> <span class='ocrx_word' id='word_1_63' title='bbox 779 921 890 995; x_wconf 90' lang='lat' dir='ltr'><strong>potest,</strong></span> <span class='ocrx_word' id='word_1_64' title='bbox 922 932 1009 992; x_wconf 89' lang='lat' dir='ltr'><strong>quam</strong></span> <span class='ocrx_word' id='word_1_65' title='bbox 1041 914 1131 974; x_wconf 82' lang='lat' dir='ltr'><strong>luerit</strong></span> 
     </span>
    </p>
   </div>
   <div class='ocr_carea' id='block_1_6' title="bbox 123 1001 1131 3280">
    <p class='ocr_par' dir='ltr' id='par_1_6' title="bbox 123 1001 1131 1432">
     <span class='ocr_line' id='line_1_9' title="bbox 125 1001 1131 1083; baseline 0.001 -23"><span class='ocrx_word' id='word_1_66' title='bbox 125 1001 368 1061; x_wconf 82' lang='lat' dir='ltr'><strong>Bocliemiillerus</strong></span> <span class='ocrx_word' id='word_1_67' title='bbox 401 1019 417 1060; x_wconf 90' lang='lat' dir='ltr'><strong>a</strong></span> <span class='ocrx_word' id='word_1_68' title='bbox 446 1003 590 1061; x_wconf 84' lang='lat' dir='ltr'><strong>sermonis</strong></span> <span class='ocrx_word' id='word_1_69' title='bbox 618 1001 702 1062; x_wconf 90' lang='lat' dir='ltr'><strong>latini</strong></span> <span class='ocrx_word' id='word_1_70' title='bbox 728 1005 832 1062; x_wconf 90' lang='lat' dir='ltr'><strong>notitia</strong></span> <span class='ocrx_word' id='word_1_71' title='bbox 847 1003 1012 1083; x_wconf 77' lang='lat' dir='ltr'><strong>infirmus,</strong></span> <span class='ocrx_word' id='word_1_72' title='bbox 1043 1019 1131 1080; x_wconf 91' lang='lat' dir='ltr'><strong>quam</strong></span> 
     </span>
     <span class='ocr_line' id='line_1_10' title="bbox 125 1089 1131 1170; baseline 0 -21"><span class='ocrx_word' id='word_1_73' title='bbox 125 1092 248 1168; x_wconf 84' lang='lat' dir='ltr'><strong>ignarus</strong></span> <span class='ocrx_word' id='word_1_74' title='bbox 280 1090 351 1148; x_wconf 89' lang='lat' dir='ltr'><strong>artis</strong></span> <span class='ocrx_word' id='word_1_75' title='bbox 383 1090 502 1148; x_wconf 79' lang='lat' dir='ltr'><strong>criticae</strong></span> <span class='ocrx_word' id='word_1_76' title='bbox 533 1089 646 1170; x_wconf 86' lang='lat' dir='ltr'><strong>legum,</strong></span> <span class='ocrx_word' id='word_1_77' title='bbox 683 1109 771 1169; x_wconf 88' lang='lat' dir='ltr'><strong>quam</strong></span> <span class='ocrx_word' id='word_1_78' title='bbox 802 1092 882 1150; x_wconf 91' lang='lat' dir='ltr'><strong>omni</strong></span> <span class='ocrx_word' id='word_1_79' title='bbox 913 1090 1010 1170; x_wconf 92' lang='lat' dir='ltr'><strong>pulcri</strong></span> <span class='ocrx_word' id='word_1_80' title='bbox 1042 1108 1131 1150; x_wconf 91' lang='lat' dir='ltr'><strong>sensu</strong></span> 
     </span>
     <span class='ocr_line' id='line_1_11' title="bbox 126 1178 1130 1254; baseline 0.001 -17"><span class='ocrx_word' id='word_1_81' title='bbox 126 1178 294 1237; x_wconf 88' lang='lat' dir='ltr'><strong>destitutus</strong></span> <span class='ocrx_word' id='word_1_82' title='bbox 341 1193 437 1254; x_wconf 87' lang='lat' dir='ltr'><strong>neque</strong></span> <span class='ocrx_word' id='word_1_83' title='bbox 464 1185 562 1237; x_wconf 89' lang='lat' dir='ltr'><strong>tamen</strong></span> <span class='ocrx_word' id='word_1_84' title='bbox 589 1180 654 1238; x_wconf 89' lang='lat' dir='ltr'><strong>eius</strong></span> <span class='ocrx_word' id='word_1_85' title='bbox 681 1178 757 1238; x_wconf 92' lang='lat' dir='ltr'><strong>liber</strong></span> <span class='ocrx_word' id='word_1_86' title='bbox 784 1197 843 1239; x_wconf 94' lang='lat' dir='ltr'><strong>non</strong></span> <span class='ocrx_word' id='word_1_87' title='bbox 871 1181 928 1238; x_wconf 89' lang='lat' dir='ltr'><strong>erit</strong></span> <span class='ocrx_word' id='word_1_88' title='bbox 954 1179 1130 1239; x_wconf 90' lang='lat' dir='ltr'><strong>utilissimus</strong></span> 
     </span>
     <span class='ocr_line' id='line_1_12' title="bbox 126 1265 1131 1347; baseline 0 -22"><span class='ocrx_word' id='word_1_89' title='bbox 126 1265 163 1325; x_wconf 89' lang='lat' dir='ltr'><strong>ad</strong></span> <span class='ocrx_word' id='word_1_90' title='bbox 186 1265 305 1325; x_wconf 80' lang='lat' dir='ltr'><strong>Lucreti</strong></span> <span class='ocrx_word' id='word_1_91' title='bbox 332 1283 450 1325; x_wconf 90' lang='lat' dir='ltr'><strong>carmen</strong></span> <span class='ocrx_word' id='word_1_92' title='bbox 478 1265 706 1347; x_wconf 87' lang='lat' dir='ltr'><strong>emendandum,</strong></span> <span class='ocrx_word' id='word_1_93' title='bbox 734 1269 760 1326; x_wconf 90' lang='lat' dir='ltr'><strong>si</strong></span> <span class='ocrx_word' id='word_1_94' title='bbox 786 1268 874 1326; x_wconf 92' lang='lat' dir='ltr'><strong>modo</strong></span> <span class='ocrx_word' id='word_1_95' title='bbox 905 1269 971 1345; x_wconf 89' lang='lat' dir='ltr'><strong>quis</strong></span> <span class='ocrx_word' id='word_1_96' title='bbox 994 1273 1077 1327; x_wconf 90' lang='lat' dir='ltr'><strong>caute</strong></span> <span class='ocrx_word' id='word_1_97' title='bbox 1102 1272 1131 1326; x_wconf 93' lang='lat' dir='ltr'><strong>et</strong></span> 
     </span>
     <span class='ocr_line' id='line_1_13' title="bbox 123 1353 1130 1432; baseline 0 -19"><span class='ocrx_word' id='word_1_98' title='bbox 123 1353 291 1432; x_wconf 78' lang='lat' dir='ltr'><strong>prudenter</strong></span> <span class='ocrx_word' id='word_1_99' title='bbox 312 1359 412 1413; x_wconf 90' lang='lat' dir='ltr'><strong>utatur</strong></span> <span class='ocrx_word' id='word_1_100' title='bbox 434 1360 464 1412; x_wconf 89' lang='lat' dir='ltr'><strong>et</strong></span> <span class='ocrx_word' id='word_1_101' title='bbox 484 1353 622 1413; x_wconf 86' lang='lat' dir='ltr'><strong>didicerit</strong></span> <span class='ocrx_word' id='word_1_102' title='bbox 640 1372 676 1413; x_wconf 81' lang='lat' dir='ltr'><strong>ex</strong></span> <span class='ocrx_word' id='word_1_103' title='bbox 695 1353 818 1413; x_wconf 88' lang='lat' dir='ltr'><strong>aliorum</strong></span> <span class='ocrx_word' id='word_1_104' title='bbox 837 1354 987 1414; x_wconf 88' lang='lat' dir='ltr'><strong>erroribus</strong></span> <span class='ocrx_word' id='word_1_105' title='bbox 1006 1355 1130 1414; x_wconf 88' lang='lat' dir='ltr'><strong>discere.</strong></span> 
     </span>
    </p>

    <p class='ocr_par' dir='ltr' id='par_1_7' title="bbox 126 1439 1131 2138">
     <span class='ocr_line' id='line_1_14' title="bbox 215 1439 1131 1521; baseline 0 -21"><span class='ocrx_word' id='word_1_106' title='bbox 215 1441 259 1500; x_wconf 83' lang='lat' dir='ltr'><strong>Ex</strong></span> <span class='ocrx_word' id='word_1_107' title='bbox 278 1442 330 1521; x_wconf 91' lang='lat' dir='ltr'><strong>eis,</strong></span> <span class='ocrx_word' id='word_1_108' title='bbox 352 1443 404 1519; x_wconf 88' lang='lat' dir='ltr'><strong>qui</strong></span> <span class='ocrx_word' id='word_1_109' title='bbox 420 1448 488 1519; x_wconf 93' lang='lat' dir='ltr'><strong>post</strong></span> <span class='ocrx_word' id='word_1_110' title='bbox 505 1439 760 1501; x_wconf 78' lang='lat' dir='ltr'><strong>Bockemullerum</strong></span> <span class='ocrx_word' id='word_1_111' title='bbox 778 1441 949 1502; x_wconf 88' lang='lat' dir='ltr'><strong>Lucretium</strong></span> <span class='ocrx_word' id='word_1_112' title='bbox 967 1443 1131 1521; x_wconf 90' lang='lat' dir='ltr'><strong>ediderunt,</strong></span> 
     </span>
     <span class='ocr_line' id='line_1_15' title="bbox 126 1529 1130 1610; baseline -0.002 -20"><span class='ocrx_word' id='word_1_113' title='bbox 126 1547 215 1590; x_wconf 90' lang='lat' dir='ltr'><strong>nemo</strong></span> <span class='ocrx_word' id='word_1_114' title='bbox 236 1536 352 1589; x_wconf 89' lang='lat' dir='ltr'><strong>tantum</strong></span> <span class='ocrx_word' id='word_1_115' title='bbox 373 1531 532 1610; x_wconf 89' lang='lat' dir='ltr'><strong>praestitit,</strong></span> <span class='ocrx_word' id='word_1_116' title='bbox 560 1537 593 1589; x_wconf 91' lang='lat' dir='ltr'><strong>ut</strong></span> <span class='ocrx_word' id='word_1_117' title='bbox 615 1530 670 1590; x_wconf 93' lang='lat' dir='ltr'><strong>hoc</strong></span> <span class='ocrx_word' id='word_1_118' title='bbox 693 1529 757 1589; x_wconf 94' lang='lat' dir='ltr'><strong>loco</strong></span> <span class='ocrx_word' id='word_1_119' title='bbox 780 1530 913 1590; x_wconf 84' lang='lat' dir='ltr'><strong>videatur</strong></span> <span class='ocrx_word' id='word_1_120' title='bbox 935 1529 1130 1590; x_wconf 89' lang='lat' dir='ltr'><strong>nominandus</strong></span> 
     </span>
     <span class='ocr_line' id='line_1_16' title="bbox 129 1617 1130 1698; baseline -0.002 -20"><span class='ocrx_word' id='word_1_121' title='bbox 129 1636 203 1678; x_wconf 89' lang='lat' dir='ltr'><strong>esse.</strong></span> <span class='ocrx_word' id='word_1_122' title='bbox 235 1635 332 1696; x_wconf 90' lang='lat' dir='ltr'><strong>neque</strong></span> <span class='ocrx_word' id='word_1_123' title='bbox 346 1625 443 1677; x_wconf 89' lang='lat' dir='ltr'><strong>tamen</strong></span> <span class='ocrx_word' id='word_1_124' title='bbox 456 1617 573 1698; x_wconf 89' lang='lat' dir='ltr'><strong>desunt,</strong></span> <span class='ocrx_word' id='word_1_125' title='bbox 588 1621 638 1696; x_wconf 94' lang='lat' dir='ltr'><strong>qui</strong></span> <span class='ocrx_word' id='word_1_126' title='bbox 653 1636 720 1678; x_wconf 92' lang='lat' dir='ltr'><strong>cum</strong></span> <span class='ocrx_word' id='word_1_127' title='bbox 734 1626 832 1696; x_wconf 89' lang='lat' dir='ltr'><strong>partes</strong></span> <span class='ocrx_word' id='word_1_128' title='bbox 847 1620 985 1678; x_wconf 83' lang='lat' dir='ltr'><strong>carminis</strong></span> <span class='ocrx_word' id='word_1_129' title='bbox 1001 1617 1130 1697; x_wconf 87' lang='lat' dir='ltr'><strong>ederent,</strong></span> 
     </span>
     <span class='ocr_line' id='line_1_17' title="bbox 128 1704 1130 1784; baseline 0 -19"><span class='ocrx_word' id='word_1_130' title='bbox 128 1707 164 1766; x_wconf 89' lang='lat' dir='ltr'><strong>de</strong></span> <span class='ocrx_word' id='word_1_131' title='bbox 187 1706 234 1765; x_wconf 90' lang='lat' dir='ltr'><strong>bis</strong></span> <span class='ocrx_word' id='word_1_132' title='bbox 258 1705 447 1765; x_wconf 85' lang='lat' dir='ltr'><strong>emendandis</strong></span> <span class='ocrx_word' id='word_1_133' title='bbox 470 1708 646 1766; x_wconf 84' lang='lat' dir='ltr'><strong>meruerint:</strong></span> <span class='ocrx_word' id='word_1_134' title='bbox 670 1705 772 1766; x_wconf 89' lang='lat' dir='ltr'><strong>lanum</strong></span> <span class='ocrx_word' id='word_1_135' title='bbox 794 1705 969 1784; x_wconf 89' lang='lat' dir='ltr'><strong>Woltjerum</strong></span> <span class='ocrx_word' id='word_1_136' title='bbox 991 1704 1130 1766; x_wconf 82' lang='lat' dir='ltr'><strong>Batauim</strong></span> 
     </span>
     <span class='ocr_line' id='line_1_18' title="bbox 128 1793 1131 1874; baseline -0.001 -20"><span class='ocrx_word' id='word_1_137' title='bbox 128 1794 208 1874; x_wconf 92' lang='lat' dir='ltr'><strong>dico,</strong></span> <span class='ocrx_word' id='word_1_138' title='bbox 236 1796 287 1872; x_wconf 87' lang='lat' dir='ltr'><strong>qui</strong></span> <span class='ocrx_word' id='word_1_139' title='bbox 310 1801 445 1872; x_wconf 84' lang='lat' dir='ltr'><strong>excerpta</strong></span> <span class='ocrx_word' id='word_1_140' title='bbox 468 1813 504 1854; x_wconf 83' lang='lat' dir='ltr'><strong>ex</strong></span> <span class='ocrx_word' id='word_1_141' title='bbox 527 1794 647 1854; x_wconf 91' lang='lat' dir='ltr'><strong>Lucreti</strong></span> <span class='ocrx_word' id='word_1_142' title='bbox 669 1796 798 1854; x_wconf 90' lang='lat' dir='ltr'><strong>carmine</strong></span> <span class='ocrx_word' id='word_1_143' title='bbox 824 1795 975 1854; x_wconf 88' lang='lat' dir='ltr'><strong>emendata</strong></span> <span class='ocrx_word' id='word_1_144' title='bbox 998 1793 1131 1854; x_wconf 81' lang='lat' dir='ltr'><strong>exhibuit</strong></span> 
     </span>
     <span class='ocr_line' id='line_1_19' title="bbox 127 1880 1130 1962; baseline 0 -20"><span class='ocrx_word' id='word_1_145' title='bbox 127 1885 161 1942; x_wconf 90' lang='lat' dir='ltr'><strong>in</strong></span> <span class='ocrx_word' id='word_1_146' title='bbox 181 1882 273 1941; x_wconf 88' lang='lat' dir='ltr'><strong>Sertis</strong></span> <span class='ocrx_word' id='word_1_147' title='bbox 292 1881 431 1941; x_wconf 89' lang='lat' dir='ltr'><strong>Romanis</strong></span> <span class='ocrx_word' id='word_1_148' title='bbox 450 1899 523 1960; x_wconf 87' lang='lat' dir='ltr'><strong>quae</strong></span> <span class='ocrx_word' id='word_1_149' title='bbox 542 1883 703 1962; x_wconf 82' lang='lat' dir='ltr'><strong>inscripsit,</strong></span> <span class='ocrx_word' id='word_1_150' title='bbox 722 1889 751 1941; x_wconf 89' lang='lat' dir='ltr'><strong>et</strong></span> <span class='ocrx_word' id='word_1_151' title='bbox 770 1881 935 1942; x_wconf 92' lang='lat' dir='ltr'><strong>Samuelem</strong></span> <span class='ocrx_word' id='word_1_152' title='bbox 948 1880 1130 1962; x_wconf 89' lang='lat' dir='ltr'><strong>Brandtinm,</strong></span> 
     </span>
     <span class='ocr_line' id='line_1_20' title="bbox 128 1968 1131 2051; baseline 0 -23"><span class='ocrx_word' id='word_1_153' title='bbox 128 1972 181 2048; x_wconf 90' lang='lat' dir='ltr'><strong>qui</strong></span> <span class='ocrx_word' id='word_1_154' title='bbox 202 1969 282 2029; x_wconf 89' lang='lat' dir='ltr'><strong>idem</strong></span> <span class='ocrx_word' id='word_1_155' title='bbox 300 1970 370 2030; x_wconf 88' lang='lat' dir='ltr'><strong>lecit</strong></span> <span class='ocrx_word' id='word_1_156' title='bbox 387 1972 419 2029; x_wconf 90' lang='lat' dir='ltr'><strong>in</strong></span> <span class='ocrx_word' id='word_1_157' title='bbox 437 1969 553 2046; x_wconf 83' lang='lat' dir='ltr'><strong>Eclogis</strong></span> <span class='ocrx_word' id='word_1_158' title='bbox 572 1976 725 2048; x_wconf 89' lang='lat' dir='ltr'><strong>poetarum</strong></span> <span class='ocrx_word' id='word_1_159' title='bbox 744 1968 924 2051; x_wconf 88' lang='lat' dir='ltr'><strong>Latinorum,</strong></span> <span class='ocrx_word' id='word_1_160' title='bbox 948 1988 1020 2048; x_wconf 89' lang='lat' dir='ltr'><strong>quas</strong></span> <span class='ocrx_word' id='word_1_161' title='bbox 1039 1970 1131 2030; x_wconf 88' lang='lat' dir='ltr'><strong>edidit</strong></span> 
     </span>
     <span class='ocr_line' id='line_1_21' title="bbox 128 2054 781 2138; baseline -0.003 -20"><span class='ocrx_word' id='word_1_162' title='bbox 128 2057 245 2138; x_wconf 89' lang='lat' dir='ltr'><strong>Lipsiae</strong></span> <span class='ocrx_word' id='word_1_163' title='bbox 269 2059 300 2116; x_wconf 94' lang='lat' dir='ltr'><strong>in</strong></span> <span class='ocrx_word' id='word_1_164' title='bbox 323 2057 444 2118; x_wconf 88' lang='lat' dir='ltr'><strong>aedibus</strong></span> <span class='ocrx_word' id='word_1_165' title='bbox 466 2057 615 2117; x_wconf 88' lang='lat' dir='ltr'><strong>Teubneri</strong></span> <span class='ocrx_word' id='word_1_166' title='bbox 638 2076 662 2117; x_wconf 89' lang='grc'><strong>1,</strong></span> <span class='ocrx_word' id='word_1_167' title='bbox 687 2054 781 2120; x_wconf 87' lang='lat'>1881.</span> 
     </span>
    </p>

    <p class='ocr_par' dir='ltr' id='par_1_8' title="bbox 128 2144 1131 3280">
     <span class='ocr_line' id='line_1_22' title="bbox 217 2144 1131 2224; baseline 0.001 -20"><span class='ocrx_word' id='word_1_168' title='bbox 217 2144 281 2205; x_wconf 92' lang='lat' dir='ltr'><strong>Non</strong></span> <span class='ocrx_word' id='word_1_169' title='bbox 313 2148 400 2224; x_wconf 89' lang='lat' dir='ltr'><strong>pauci</strong></span> <span class='ocrx_word' id='word_1_170' title='bbox 430 2154 583 2224; x_wconf 90' lang='lat' dir='ltr'><strong>praeterea</strong></span> <span class='ocrx_word' id='word_1_171' title='bbox 612 2147 668 2205; x_wconf 82' lang='lat' dir='ltr'><strong>viri</strong></span> <span class='ocrx_word' id='word_1_172' title='bbox 702 2146 781 2206; x_wconf 91' lang='lat' dir='ltr'><strong>docti</strong></span> <span class='ocrx_word' id='word_1_173' title='bbox 810 2148 843 2204; x_wconf 88' lang='lat' dir='ltr'><strong>in</strong></span> <span class='ocrx_word' id='word_1_174' title='bbox 874 2145 1131 2205; x_wconf 86' lang='lat' dir='ltr'><strong>dissertationibus</strong></span> 
     </span>
     <span class='ocr_line' id='line_1_23' title="bbox 128 2232 1131 2311; baseline -0.002 -17"><span class='ocrx_word' id='word_1_175' title='bbox 128 2233 349 2311; x_wconf 86' lang='lat' dir='ltr'><strong>inauguralibus</strong></span> <span class='ocrx_word' id='word_1_176' title='bbox 372 2241 422 2294; x_wconf 88' lang='lat' dir='ltr'><strong>aut</strong></span> <span class='ocrx_word' id='word_1_177' title='bbox 444 2237 476 2293; x_wconf 89' lang='lat' dir='ltr'><strong>in</strong></span> <span class='ocrx_word' id='word_1_178' title='bbox 498 2233 606 2293; x_wconf 88' lang='lat' dir='ltr'><strong>libellis</strong></span> <span class='ocrx_word' id='word_1_179' title='bbox 628 2232 674 2292; x_wconf 83' lang='lat' dir='ltr'><strong>vel</strong></span> <span class='ocrx_word' id='word_1_180' title='bbox 692 2233 874 2294; x_wconf 87' lang='lat' dir='ltr'><strong>scholasticis</strong></span> <span class='ocrx_word' id='word_1_181' title='bbox 893 2233 938 2292; x_wconf 83' lang='lat' dir='ltr'><strong>vel</strong></span> <span class='ocrx_word' id='word_1_182' title='bbox 956 2233 1131 2292; x_wconf 89' lang='lat' dir='ltr'><strong>academicis</strong></span> 
     </span>
     <span class='ocr_line' id='line_1_24' title="bbox 129 2320 1130 2401; baseline -0.001 -19"><span class='ocrx_word' id='word_1_183' title='bbox 129 2329 180 2382; x_wconf 90' lang='lat' dir='ltr'><strong>aut</strong></span> <span class='ocrx_word' id='word_1_184' title='bbox 206 2321 270 2381; x_wconf 89' lang='lat' dir='ltr'><strong>aliis</strong></span> <span class='ocrx_word' id='word_1_185' title='bbox 298 2323 329 2381; x_wconf 90' lang='lat' dir='ltr'><strong>in</strong></span> <span class='ocrx_word' id='word_1_186' title='bbox 357 2321 567 2401; x_wconf 88' lang='lat' dir='ltr'><strong>scriptionibus</strong></span> <span class='ocrx_word' id='word_1_187' title='bbox 594 2320 630 2380; x_wconf 93' lang='lat' dir='ltr'><strong>de</strong></span> <span class='ocrx_word' id='word_1_188' title='bbox 654 2323 697 2380; x_wconf 89' lang='lat' dir='ltr'><strong>eis</strong></span> <span class='ocrx_word' id='word_1_189' title='bbox 720 2320 809 2381; x_wconf 88' lang='lat' dir='ltr'><strong>rebus</strong></span> <span class='ocrx_word' id='word_1_190' title='bbox 832 2323 1028 2401; x_wconf 88' lang='lat' dir='ltr'><strong>scripserunt,</strong></span> <span class='ocrx_word' id='word_1_191' title='bbox 1057 2339 1130 2399; x_wconf 93' lang='lat' dir='ltr'><strong>quae</strong></span> 
     </span>
     <span class='ocr_line' id='line_1_25' title="bbox 129 2407 1130 2487; baseline -0.001 -17"><span class='ocrx_word' id='word_1_192' title='bbox 129 2410 166 2470; x_wconf 88' lang='lat' dir='ltr'><strong>ad</strong></span> <span class='ocrx_word' id='word_1_193' title='bbox 188 2409 362 2470; x_wconf 88' lang='lat' dir='ltr'><strong>Lucretiana</strong></span> <span class='ocrx_word' id='word_1_194' title='bbox 385 2410 481 2469; x_wconf 89' lang='lat' dir='ltr'><strong>studia</strong></span> <span class='ocrx_word' id='word_1_195' title='bbox 503 2411 694 2487; x_wconf 87' lang='lat' dir='ltr'><strong>pertinerent.</strong></span> <span class='ocrx_word' id='word_1_196' title='bbox 735 2426 772 2468; x_wconf 89' lang='grc'><strong>111</strong></span> <span class='ocrx_word' id='word_1_197' title='bbox 795 2407 901 2486; x_wconf 88' lang='lat' dir='ltr'><strong>quibus</strong></span> <span class='ocrx_word' id='word_1_198' title='bbox 924 2408 974 2468; x_wconf 86' lang='lat' dir='ltr'><strong>alii</strong></span> <span class='ocrx_word' id='word_1_199' title='bbox 993 2411 1130 2470; x_wconf 89' lang='lat' dir='ltr'><strong>carminis</strong></span> 
     </span>
     <span class='ocr_line' id='line_1_26' title="bbox 129 2496 1131 2578; baseline -0.001 -20"><span class='ocrx_word' id='word_1_200' title='bbox 129 2499 219 2577; x_wconf 78' lang='lat' dir='ltr'><strong>locoS,</strong></span> <span class='ocrx_word' id='word_1_201' title='bbox 238 2500 289 2576; x_wconf 89' lang='lat' dir='ltr'><strong>qui</strong></span> <span class='ocrx_word' id='word_1_202' title='bbox 307 2504 357 2557; x_wconf 91' lang='lat' dir='ltr'><strong>aut</strong></span> <span class='ocrx_word' id='word_1_203' title='bbox 375 2499 506 2576; x_wconf 92' lang='lat' dir='ltr'><strong>corrupti</strong></span> <span class='ocrx_word' id='word_1_204' title='bbox 524 2503 624 2556; x_wconf 89' lang='lat' dir='ltr'><strong>essent</strong></span> <span class='ocrx_word' id='word_1_205' title='bbox 642 2503 692 2556; x_wconf 90' lang='lat' dir='ltr'><strong>aut</strong></span> <span class='ocrx_word' id='word_1_206' title='bbox 709 2514 764 2574; x_wconf 92' lang='lat' dir='ltr'><strong>pro</strong></span> <span class='ocrx_word' id='word_1_207' title='bbox 783 2498 930 2575; x_wconf 89' lang='lat' dir='ltr'><strong>corruptis</strong></span> <span class='ocrx_word' id='word_1_208' title='bbox 943 2496 1131 2578; x_wconf 84' lang='lat' dir='ltr'><strong>haberentur,</strong></span> 
     </span>
     <span class='ocr_line' id='line_1_27' title="bbox 130 2585 1131 2664; baseline -0.002 -17"><span class='ocrx_word' id='word_1_209' title='bbox 130 2585 286 2647; x_wconf 88' lang='lat' dir='ltr'><strong>emendare</strong></span> <span class='ocrx_word' id='word_1_210' title='bbox 314 2588 411 2645; x_wconf 90' lang='lat' dir='ltr'><strong>conati</strong></span> <span class='ocrx_word' id='word_1_211' title='bbox 438 2592 518 2664; x_wconf 90' lang='lat' dir='ltr'><strong>sunt,</strong></span> <span class='ocrx_word' id='word_1_212' title='bbox 546 2585 597 2644; x_wconf 89' lang='lat' dir='ltr'><strong>alii</strong></span> <span class='ocrx_word' id='word_1_213' title='bbox 623 2587 655 2645; x_wconf 92' lang='lat' dir='ltr'><strong>in</strong></span> <span class='ocrx_word' id='word_1_214' title='bbox 682 2585 771 2646; x_wconf 90' lang='lat' dir='ltr'><strong>rebus</strong></span> <span class='ocrx_word' id='word_1_215' title='bbox 795 2585 975 2664; x_wconf 83' lang='lat' dir='ltr'><strong>explicandis</strong></span> <span class='ocrx_word' id='word_1_216' title='bbox 995 2588 1072 2646; x_wconf 89' lang='lat' dir='ltr'><strong>viam</strong></span> <span class='ocrx_word' id='word_1_217' title='bbox 1095 2586 1131 2646; x_wconf 93' lang='lat' dir='ltr'><strong>ad</strong></span> 
     </span>
     <span class='ocr_line' id='line_1_28' title="bbox 129 2672 1130 2752; baseline -0.002 -18"><span class='ocrx_word' id='word_1_218' title='bbox 129 2676 268 2735; x_wconf 86' lang='lat' dir='ltr'><strong>carminis</strong></span> <span class='ocrx_word' id='word_1_219' title='bbox 304 2680 403 2752; x_wconf 87' lang='lat' dir='ltr'><strong>partes</strong></span> <span class='ocrx_word' id='word_1_220' title='bbox 437 2674 578 2751; x_wconf 91' lang='lat' dir='ltr'><strong>quasdam</strong></span> <span class='ocrx_word' id='word_1_221' title='bbox 609 2672 715 2733; x_wconf 89' lang='lat' dir='ltr'><strong>melius</strong></span> <span class='ocrx_word' id='word_1_222' title='bbox 746 2673 982 2752; x_wconf 87' lang='lat' dir='ltr'><strong>interpretandas</strong></span> <span class='ocrx_word' id='word_1_223' title='bbox 1013 2676 1130 2734; x_wconf 89' lang='lat' dir='ltr'><strong>munire</strong></span> 
     </span>
     <span class='ocr_line' id='line_1_29' title="bbox 130 2759 1131 2841; baseline -0.002 -19"><span class='ocrx_word' id='word_1_224' title='bbox 130 2761 315 2841; x_wconf 88' lang='lat' dir='ltr'><strong>studuerunt,</strong></span> <span class='ocrx_word' id='word_1_225' title='bbox 337 2760 386 2820; x_wconf 90' lang='lat' dir='ltr'><strong>alii</strong></span> <span class='ocrx_word' id='word_1_226' title='bbox 409 2759 445 2820; x_wconf 93' lang='lat' dir='ltr'><strong>de</strong></span> <span class='ocrx_word' id='word_1_227' title='bbox 464 2759 582 2821; x_wconf 90' lang='lat' dir='ltr'><strong>Lucreti</strong></span> <span class='ocrx_word' id='word_1_228' title='bbox 605 2761 769 2821; x_wconf 86' lang='lat' dir='ltr'><strong>elocutione</strong></span> <span class='ocrx_word' id='word_1_229' title='bbox 789 2764 975 2840; x_wconf 91' lang='lat' dir='ltr'><strong>quaestiones</strong></span> <span class='ocrx_word' id='word_1_230' title='bbox 996 2764 1131 2822; x_wconf 91' lang='lat' dir='ltr'><strong>institue-</strong></span> 
     </span>
     <span class='ocr_line' id='line_1_30' title="bbox 129 2848 1130 2930; baseline -0.002 -20"><span class='ocrx_word' id='word_1_231' title='bbox 129 2857 208 2930; x_wconf 91' lang='lat' dir='ltr'><strong>runt,</strong></span> <span class='ocrx_word' id='word_1_232' title='bbox 226 2848 275 2909; x_wconf 85' lang='lat' dir='ltr'><strong>alii</strong></span> <span class='ocrx_word' id='word_1_233' title='bbox 293 2849 420 2927; x_wconf 90' lang='lat' dir='ltr'><strong>denique</strong></span> <span class='ocrx_word' id='word_1_234' title='bbox 438 2848 475 2908; x_wconf 92' lang='lat' dir='ltr'><strong>de</strong></span> <span class='ocrx_word' id='word_1_235' title='bbox 493 2850 558 2909; x_wconf 92' lang='lat' dir='ltr'><strong>eius</strong></span> <span class='ocrx_word' id='word_1_236' title='bbox 577 2851 635 2909; x_wconf 84' lang='lat' dir='ltr'><strong>vita</strong></span> <span class='ocrx_word' id='word_1_237' title='bbox 654 2857 740 2928; x_wconf 88' lang='lat' dir='ltr'><strong>atque</strong></span> <span class='ocrx_word' id='word_1_238' title='bbox 760 2867 848 2928; x_wconf 89' lang='lat' dir='ltr'><strong>opere</strong></span> <span class='ocrx_word' id='word_1_239' title='bbox 869 2851 895 2909; x_wconf 92' lang='lat' dir='ltr'><strong>si</strong></span> <span class='ocrx_word' id='word_1_240' title='bbox 914 2851 983 2928; x_wconf 89' lang='lat' dir='ltr'><strong>quid</strong></span> <span class='ocrx_word' id='word_1_241' title='bbox 998 2851 1130 2909; x_wconf 89' lang='lat' dir='ltr'><strong>invenire</strong></span> 
     </span>
     <span class='ocr_line' id='line_1_31' title="bbox 129 2936 1131 3017; baseline -0.001 -20"><span class='ocrx_word' id='word_1_242' title='bbox 129 2945 251 3017; x_wconf 89' lang='lat' dir='ltr'><strong>possent</strong></span> <span class='ocrx_word' id='word_1_243' title='bbox 277 2939 392 3016; x_wconf 86' lang='lat' dir='ltr'><strong>experti</strong></span> <span class='ocrx_word' id='word_1_244' title='bbox 419 2944 496 2996; x_wconf 84' lang='lat' dir='ltr'><strong>sunt</strong></span> <span class='ocrx_word' id='word_1_245' title='bbox 541 2955 577 2997; x_wconf 85' lang='lat' dir='ltr'><strong>ex</strong></span> <span class='ocrx_word' id='word_1_246' title='bbox 600 2936 707 3015; x_wconf 88' lang='lat' dir='ltr'><strong>quibus</strong></span> <span class='ocrx_word' id='word_1_247' title='bbox 730 2955 789 2997; x_wconf 94' lang='grc'><strong>111</strong></span> <span class='ocrx_word' id='word_1_248' title='bbox 811 2939 898 3016; x_wconf 89' lang='lat' dir='ltr'><strong>pauci</strong></span> <span class='ocrx_word' id='word_1_249' title='bbox 921 2954 955 2997; x_wconf 88' lang='grc'><strong>11</strong></span> <span class='ocrx_word' id='word_1_250' title='bbox 977 2938 1131 3015; x_wconf 91' lang='lat' dir='ltr'><strong>praestite-</strong></span> 
     </span>
     <span class='ocr_line' id='line_1_32' title="bbox 129 3023 1129 3105; baseline -0.001 -20"><span class='ocrx_word' id='word_1_251' title='bbox 129 3033 207 3105; x_wconf 87' lang='lat' dir='ltr'><strong>runt,</strong></span> <span class='ocrx_word' id='word_1_252' title='bbox 228 3042 302 3103; x_wconf 89' lang='lat' dir='ltr'><strong>quae</strong></span> <span class='ocrx_word' id='word_1_253' title='bbox 319 3027 467 3084; x_wconf 88' lang='lat' dir='ltr'><strong>neminem</strong></span> <span class='ocrx_word' id='word_1_254' title='bbox 486 3027 625 3084; x_wconf 89' lang='lat' dir='ltr'><strong>carminis</strong></span> <span class='ocrx_word' id='word_1_255' title='bbox 644 3023 813 3086; x_wconf 88' lang='lat' dir='ltr'><strong>Lucretiani</strong></span> <span class='ocrx_word' id='word_1_256' title='bbox 824 3025 976 3085; x_wconf 81' lang='lat' dir='ltr'><strong>editorem</strong></span> <span class='ocrx_word' id='word_1_257' title='bbox 993 3027 1129 3103; x_wconf 82' lang='lat' dir='ltr'><strong>ignorare</strong></span> 
     </span>
     <span class='ocr_line' id='line_1_33' title="bbox 128 3111 1131 3192; baseline 0 -20"><span class='ocrx_word' id='word_1_258' title='bbox 128 3131 182 3190; x_wconf 91' lang='lat' dir='ltr'><strong>par</strong></span> <span class='ocrx_word' id='word_1_259' title='bbox 209 3114 255 3172; x_wconf 92' lang='lat' dir='ltr'><strong>sit.</strong></span> <span class='ocrx_word' id='word_1_260' title='bbox 297 3131 369 3191; x_wconf 91' lang='lat' dir='ltr'><strong>quos</strong></span> <span class='ocrx_word' id='word_1_261' title='bbox 397 3130 570 3173; x_wconf 88' lang='lat' dir='ltr'><strong>enumerare</strong></span> <span class='ocrx_word' id='word_1_262' title='bbox 598 3131 666 3173; x_wconf 91' lang='lat' dir='ltr'><strong>cum</strong></span> <span class='ocrx_word' id='word_1_263' title='bbox 692 3131 752 3173; x_wconf 93' lang='lat' dir='ltr'><strong>non</strong></span> <span class='ocrx_word' id='word_1_264' title='bbox 779 3113 867 3173; x_wconf 91' lang='lat' dir='ltr'><strong>hnins</strong></span> <span class='ocrx_word' id='word_1_265' title='bbox 894 3111 952 3172; x_wconf 94' lang='lat' dir='ltr'><strong>loci</strong></span> <span class='ocrx_word' id='word_1_266' title='bbox 980 3115 1031 3192; x_wconf 89' lang='lat' dir='ltr'><strong>sit,</strong></span> <span class='ocrx_word' id='word_1_267' title='bbox 1060 3115 1131 3173; x_wconf 90' lang='lat' dir='ltr'><strong>satis</strong></span> 
     </span>
     <span class='ocr_line' id='line_1_34' title="bbox 130 3200 1131 3280; baseline 0.003 -22"><span class='ocrx_word' id='word_1_268' title='bbox 130 3203 199 3279; x_wconf 88' lang='lat' dir='ltr'><strong>erit,</strong></span> <span class='ocrx_word' id='word_1_269' title='bbox 227 3203 344 3280; x_wconf 93' lang='lat' dir='ltr'><strong>opinor,</strong></span> <span class='ocrx_word' id='word_1_270' title='bbox 372 3203 397 3261; x_wconf 91' lang='lat' dir='ltr'><strong>si</strong></span> <span class='ocrx_word' id='word_1_271' title='bbox 424 3203 455 3260; x_wconf 92' lang='lat' dir='ltr'><strong>in</strong></span> <span class='ocrx_word' id='word_1_272' title='bbox 482 3219 517 3260; x_wconf 92' lang='grc'><strong>11</strong></span> <span class='ocrx_word' id='word_1_273' title='bbox 548 3220 636 3279; x_wconf 89' lang='lat' dir='ltr'><strong>quem</strong></span> <span class='ocrx_word' id='word_1_274' title='bbox 664 3201 850 3262; x_wconf 89' lang='lat' dir='ltr'><strong>subiecturus</strong></span> <span class='ocrx_word' id='word_1_275' title='bbox 879 3218 945 3260; x_wconf 90' lang='lat' dir='ltr'><strong>sum</strong></span> <span class='ocrx_word' id='word_1_276' title='bbox 971 3200 1131 3261; x_wconf 89' lang='lat' dir='ltr'><strong>lectionum</strong></span> 
     </span>
    </p>
   </div>
   <div class='ocr_carea' id='block_1_7' title="bbox 128 3288 1223 3634">
    <p class='ocr_par' dir='ltr' id='par_1_9' title="bbox 129 3288 1132 3370">
     <span class='ocr_line' id='line_1_35' title="bbox 129 3288 1132 3370; baseline 0.002 -23"><span class='ocrx_word' id='word_1_277' title='bbox 129 3289 277 3348; x_wconf 83' lang='lat' dir='ltr'><strong>varietatis</strong></span> <span class='ocrx_word' id='word_1_278' title='bbox 306 3296 465 3367; x_wconf 88' lang='lat' dir='ltr'><strong>conspectu</strong></span> <span class='ocrx_word' id='word_1_279' title='bbox 487 3288 669 3370; x_wconf 90' lang='lat' dir='ltr'><strong>indicavero,</strong></span> <span class='ocrx_word' id='word_1_280' title='bbox 692 3289 743 3350; x_wconf 91' lang='lat' dir='ltr'><strong>ubi</strong></span> <span class='ocrx_word' id='word_1_281' title='bbox 765 3307 799 3348; x_wconf 89' lang='lat' dir='ltr'><strong>ea</strong></span> <span class='ocrx_word' id='word_1_282' title='bbox 822 3290 960 3368; x_wconf 91' lang='lat' dir='ltr'><strong>quisque,</strong></span> <span class='ocrx_word' id='word_1_283' title='bbox 984 3307 1057 3367; x_wconf 90' lang='lat' dir='ltr'><strong>quae</strong></span> <span class='ocrx_word' id='word_1_284' title='bbox 1082 3296 1132 3349; x_wconf 88' lang='lat' dir='ltr'><strong>aut</strong></span> 
     </span>
    </p>

    <p class='ocr_par' dir='ltr' id='par_1_10' title="bbox 128 3375 1223 3542">
     <span class='ocr_line' id='line_1_36' title="bbox 128 3375 1223 3456; baseline 0.003 -22"><span class='ocrx_word' id='word_1_285' title='bbox 128 3375 278 3454; x_wconf 89' lang='lat' dir='ltr'><strong>probanda</strong></span> <span class='ocrx_word' id='word_1_286' title='bbox 301 3383 351 3436; x_wconf 90' lang='lat' dir='ltr'><strong>aut</strong></span> <span class='ocrx_word' id='word_1_287' title='bbox 373 3383 462 3446; x_wconf 31' lang='lat' dir='ltr'><strong>certe.</strong></span> <span class='ocrx_word' id='word_1_288' title='bbox 476 3377 625 3437; x_wconf 83' lang='lat' dir='ltr'><strong>afferenda</strong></span> <span class='ocrx_word' id='word_1_289' title='bbox 647 3379 709 3437; x_wconf 87' lang='lat' dir='ltr'><strong>visa</strong></span> <span class='ocrx_word' id='word_1_290' title='bbox 732 3383 831 3456; x_wconf 90' lang='lat' dir='ltr'><strong>erunt,</strong></span> <span class='ocrx_word' id='word_1_291' title='bbox 855 3378 1016 3456; x_wconf 88' lang='lat' dir='ltr'><strong>scripserit.</strong></span> <span class='ocrx_word' id='word_1_292' title='bbox 1220 3380 1223 3386; x_wconf 86' lang='lat'>&#39;</span> 
     </span>
     <span class='ocr_line' id='line_1_37' title="bbox 215 3461 1130 3542; baseline -0.001 -19"><span class='ocrx_word' id='word_1_293' title='bbox 215 3464 275 3524; x_wconf 90' lang='lat' dir='ltr'><strong>lam</strong></span> <span class='ocrx_word' id='word_1_294' title='bbox 307 3466 333 3523; x_wconf 90' lang='lat' dir='ltr'><strong>si</strong></span> <span class='ocrx_word' id='word_1_295' title='bbox 362 3464 419 3525; x_wconf 88' lang='lat' dir='ltr'><strong>hoc</strong></span> <span class='ocrx_word' id='word_1_296' title='bbox 450 3464 515 3525; x_wconf 92' lang='lat' dir='ltr'><strong>loco</strong></span> <span class='ocrx_word' id='word_1_297' title='bbox 548 3465 583 3524; x_wconf 91' lang='lat' dir='ltr'><strong>de</strong></span> <span class='ocrx_word' id='word_1_298' title='bbox 615 3468 690 3524; x_wconf 90' lang='lat' dir='ltr'><strong>meis</strong></span> <span class='ocrx_word' id='word_1_299' title='bbox 721 3467 785 3542; x_wconf 90' lang='lat' dir='ltr'><strong>ipse</strong></span> <span class='ocrx_word' id='word_1_300' title='bbox 813 3465 919 3524; x_wconf 89' lang='lat' dir='ltr'><strong>studiis</strong></span> <span class='ocrx_word' id='word_1_301' title='bbox 946 3461 1130 3523; x_wconf 87' lang='lat' dir='ltr'><strong>Lucretianis</strong></span> 
     </span>
    </p>

    <p class='ocr_par' dir='ltr' id='par_1_11' title="bbox 129 3551 1130 3634">
     <span class='ocr_line' id='line_1_38' title="bbox 129 3551 1130 3634; baseline 0 -24"><span class='ocrx_word' id='word_1_302' title='bbox 129 3551 243 3634; x_wconf 86' lang='lat' dir='ltr'><strong>dixero,</strong></span> <span class='ocrx_word' id='word_1_303' title='bbox 268 3555 453 3614; x_wconf 87' lang='lat' dir='ltr'><strong>necessitatis</strong></span> <span class='ocrx_word' id='word_1_304' title='bbox 479 3556 700 3614; x_wconf 86' lang='lat' dir='ltr'><strong>excusationem</strong></span> <span class='ocrx_word' id='word_1_305' title='bbox 723 3569 810 3630; x_wconf 87' lang='lat' dir='ltr'><strong>spero</strong></span> <span class='ocrx_word' id='word_1_306' title='bbox 833 3553 906 3611; x_wconf 89' lang='lat' dir='ltr'><strong>mihi</strong></span> <span class='ocrx_word' id='word_1_307' title='bbox 927 3558 1062 3630; x_wconf 85' lang='lat' dir='ltr'><strong>paratum</strong></span> <span class='ocrx_word' id='word_1_308' title='bbox 1084 3553 1130 3610; x_wconf 92' lang='lat' dir='ltr'><strong>iri.</strong></span> 
     </span>
    </p>
   </div>
   <div class='ocr_carea' id='block_1_8' title="bbox 0 0 1254 3876">
    <p class='ocr_par' dir='ltr' id='par_1_12' title="bbox 0 0 1254 3876">
     <span class='ocr_line' id='line_1_39' title="bbox 0 0 1254 3876; baseline 0 0"><span class='ocrx_word' id='word_1_309' title='bbox 0 0 1254 3876; x_wconf 95' lang='lat' dir='ltr'><strong> </strong></span> 
     </span>
    </p>
   </div>
  </div>
 </body>
</html>
