2496 3876
130 221 242 276 XLVIII
491 219 770 276 PROLEGOMENA.

130 369 263 430 montem
275 385 424 446 quomque
437 373 602 430 tuentur
616 366 673 438 00.
687 368 797 428 ka.:
815 366 1013 428 ooioioutum
1028 383 1152 428 coneto-

131 459 262 519 eronus
279 456 339 517 Lm.
358 454 597 518 omnioieotes..
612 457 764 518 ‚tuentur
781 455 826 516 B.:
852 463 958 516 neuter
975 455 1149 515 verborum

131 545 228 606 lusum
257 547 421 605 sensit—
447 541 509 605 957
537 561 599 622 quo
620 561 700 606 re..
716 541 807 606 ,958
824 542 956 622 possint
977 542 1050 622 00.,
1073 547 1148 604 aui-

130 641 257 714 mautes,
284 632 382 711 philol.
406 631 482 692 XXV
509 630 564 712 88,
585 630 719 710 possint,
697 631 883 693 tvidelieet
910 650 1015 692 sensus
1038 631 1146 692 ka.
1237 609 1240 669 I

124 720 226 800 possit
241 681 303 781 Lm.
322 721 367 800 Β,
390 719 474 781 videl.
493 719 647 795 animone,
670 728 791 799 propter
809 719 882 781 illud
900 717 1043 798 quamuis
1066 737 1148 780 cmo-
1238 748 1241 832 p

131 813 276 885 manum,
309 808 386 887 quod
418 817 464 868 est
495 811 526 868 iu
552 828 577 868 v.
602 767 679 888 93'9,
711 810 797 886 quasi
823 826 883 870 non
910 811 942 868 iu
968 807 1018 866 iIlo
1045 807 1145 868 verbo
1240 840 1242 886 p

131 856 327 959 multitudinis
351 899 430 956 notin
452 897 547 956 lateat.
569 897 604 957 of.
624 915 756 975 supmp.
776 896 931 956 XVIII.—
953 893 1019 958 960
1030 913 1145 974 prae-

132 989 214 1048 terea
235 986 430 1045 restituerunt
450 985 559 1065 ka.‚
587 992 617 1044 et
640 984 745 1044 Christ.
773 1003 801 1062 p.
821 982 863 1046 38
886 983 952 1044 Mu:
972 986 1145 1063 propterea

132 1075 194 1135 Lm.
213 1073 244 1134 B.
263 1107 305 1116 -
325 1070 388 1132 972
408 1070 444 1134 de
465 1070 574 1151 quibus
592 1073 756 1134 amoime
774 1072 831 1143 00.
852 1075 870 1132 i
889 1091 914 1133 e.
938 1090 974 1132 ex
998 1091 1056 1151 quo
1077 1081 1141 1132 ato

132 1180 248 1222 morum
266 1178 374 1239 genere
393 1161 429 1220 ad
448 1168 560 1221 ceteras
575 1168 697 1241 atomos,
715 1179 789 1239 quae
808 1160 977 1221 hominihus
992 1179 1061 1220 oum
1076 1164 1141 1221 uni-

133 1250 258 1310 malibus
277 1251 398 1310 ratiouis
413 1249 582 1328 expertibus
597 1267 767 1309 communes
782 1257 859 1330 sunt,
878 1248 988 1326 aliquid
1003 1252 1142 1330 necessit,

133 1340 211 1400 unde
234 1340 308 1399 ratio
327 1334 483 1398 oreretur?
506 1340 577 1398 item
597 1335 660 1399 983
679 1355 717 1399 ex
737 1355 801 1399 uoti
817 1335 986 1399 ridentibus
1003 1340 1141 1399 auctus:

131 1426 278 1507 footomst
297 1461 341 1470 -
361 1424 462 1505 foetus
480 1424 541 1487 Lm.
560 1426 591 1486 B.
610 1426 663 1486 Mr.
682 1445 797 1486 mecum
816 1426 886 1487 fooIt
904 1425 1075 1486 Giussanus.
1097 1459 1141 1469 —

134 1507 197 1577 991
218 1535 260 1595 sq.
280 1563 330 1576 ...
349 1511 486 1589 immet
502 1531 599 1593 penus
615 1511 787 1575 homonum
798 1512 896 1592 pmii,
915 1512 1021 1576 moisio
1038 1511 1144 1576 saeuo

131 1603 272 1683 ferorum
301 1610 355 1663 eto.
384 1621 448 1663 aun.
476 1602 575 1680 philol.
608 1599 693 1664 1875
719 1621 747 1680 p.
775 1600 853 1664 632:
877 1650 882 1662 .
903 1650 909 1662 .
930 1650 936 1662 .
958 1599 1142 1678 humanum,

128 1691 238 1770 parii.
254 1738 282 1751 ..
306 1690 367 1750 Lm.
395 1691 436 1769 Β,
464 1693 548 1767 quasi
574 1697 653 1750 terra
680 1708 772 1768 genus
799 1691 961 1751 humanum
988 1709 1023 1750 eo
1051 1692 1144 1751 modo

135 1781 241 1861 pariit,
269 1797 326 1856 quo
354 1777 489 1858 arboreS,
517 1796 576 1837 nou
608 1795 643 1838 eo
676 1797 733 1857 quo
763 1786 862 1839 cetera
889 1777 1039 1858 animalia,
1066 1781 1085 1839 i.
1117 1798 1143 1840 e.

135 1866 240 1947 pabula
263 1866 420 1946 praehens
447 1872 480 1926 ut
508 1872 537 1925 et
558 1868 657 1926 vivere
682 1874 712 1926 et
733 1869 828 1928 vivam
850 1869 1023 1945 progeniem
1051 1867 1145 1928 edere

136 1957 259 2034 possint.
278 1986 320 1997 —
341 1950 425 2015 1001
442 1973 483 2032 sq.
506 1955 536 2015 et
557 1955 676 2032 effioit
697 1948 807 2038 (mors)
830 1971 933 2016 omues
954 1971 1003 2016 res
1025 1961 1071 2017 iot
1089 2003 1095 2015 .
1113 2003 1144 2017 ..

137 2043 194 2115 00.
209 2043 261 2103 Mr.
276 2042 340 2102 edd.
360 2045 389 2104 et
403 2041 441 2123 pti
455 2044 491 2103 ut
502 2059 604 2104 omues
621 2059 670 2104 res
687 2041 878 2104 ito...Lm.
893 2043 981 2103 B.—
1001 2040 1085 2105 1008
1096 2063 1144 2123 sq.

136 2131 217 2211 qood
231 2129 267 2192 io
286 2129 416 2192 mirionis
432 2128 557 2209 stoitosre
573 2129 710 2192 videmos
727 2127 815 2192 reios
833 2135 851 2191 i.
871 2150 895 2192 e.
915 2131 1029 2192 colores
1048 2133 1078 2193 et
1092 2129 1146 2193 iu-

137 2219 255 2283 terdwm
279 2219 367 2281 nosti
392 2216 547 2298 subitoque
561 2218 667 2298 perire
689 2222 708 2280 i.
732 2238 756 2279 e.
781 2237 894 2279 seusus.
917 2219 976 2290 00.
1000 2219 1065 2280 edd.
1089 2220 1144 2281 ΜΓ.

139 2310 234 2370 Giuss.
262 2306 297 2370 to
324 2306 438 2370 eunetis
461 2311 604 2369 sententia
628 2326 687 2369 non
709 2313 790 2368 reete
819 2314 938 2386 accepta
959 2307 1022 2368 Lm.
1045 2304 1081 2369 B.
1105 2310 1144 2370 of.

138 2398 173 2458 ad
197 2398 210 2457 Ι
233 2395 298 2458 990
312 2416 354 2476 sq.
383 2405 413 2458 et
440 2397 476 2456 ad
503 2397 529 2456 II
556 2395 630 2458 474.
652 2391 959 2476 -111010-1018
984 2394 995 2476 ΙΙ
1019 2397 1055 2456 oi.
1075 2415 1143 2457 aun.

137 2485 235 2564 philol.
256 2482 341 2546 1875
360 2505 387 2563 p.
405 2482 469 2546 623
488 2492 517 2544 et
537 2502 624 2563 supra
643 2503 670 2562 p.
684 2483 767 2544 XVII.
783 2518 824 2526 -
846 2481 930 2546 1026
943 2484 1144 2563 ptimoipio

139 2573 197 2643 00.
211 2572 309 2650 vulgo:
329 2572 364 2632 de
384 2571 555 2632 anacolutho
573 2591 599 2631 v.
613 2591 641 2651 p.
655 2571 747 2631 XXIII
759 2571 909 2651 percipito
922 2573 984 2632 Lm.
998 2572 1146 2652 suspicite

138 2660 169 2721 B.
188 2660 241 2721 Mr.
261 2693 303 2702 -
323 2656 407 2721 1029
431 2661 542 2722 eootertt
559 2658 646 2720 Orell.
665 2659 727 2720 Lm.
746 2663 845 2722 esseut
866 2660 924 2732 00.
943 2661 973 2721 Β.
996 2695 1034 2704 -
1058 2659 1145 2724 1030

138 2747 167 2811 si
189 2747 254 2809 siut
275 2745 387 2810 obiecto
409 2746 467 2818 00.
486 2767 530 2826 vg.
549 2747 610 2808 Lm.
629 2747 682 2807 ΜΓ.
703 2745 772 2809 visu
793 2746 926 2810 subiecto
943 2750 974 2810 B.
996 2783 1033 2792 —
1058 2747 1146 2812 1054

139 2835 263 2916 etipse,
281 2836 380 2916 phiIoI.
399 2835 474 2896 XXV
488 2834 530 2898 89
545 2855 601 2914 sq.:
622 2839 651 2898 et
666 2835 737 2916 ipso
755 2837 813 2908 00.
833 2838 898 2897 edd.
913 2870 955 2881 —
972 2834 1055 2900 1057
1076 2856 1145 2901 coto-

140 2928 244 3006 ereto,
277 2923 347 2986 ibid.
375 2943 402 3004 p.
434 2922 489 2985 90:
525 2923 657 2986 oouieeto
687 2924 745 2995 00.
782 2928 920 2988 convecto
952 2926 1015 2986 Lm.
1041 2927 1073 2987 B.
1103 2959 1144 2970 —

142 3009 358 3076 1066-1068
377 3030 459 3074 nouo
477 3018 514 3074 et
530 3010 697 3075 seioioitos
711 3011 741 3075 si
755 3061 761 3074 .
775 3062 780 3074 .
795 3031 898 3076 omnes
911 3015 1027 3094 eique
1041 3014 1146 3078 eodem

140 3104 255 3163 poturo
272 3104 387 3177 mouet,
412 3101 511 3180 philol.
530 3101 607 3161 XXV
625 3099 680 3162 90:
701 3135 739 3145 -
757 3150 763 3163 .
783 3151 789 3163 .
810 3150 815 3163 .
838 3102 886 3164 oiS
908 3102 1013 3165 eodem
1030 3106 1147 3166 nautio

141 3191 199 3262 00.
218 3187 442 3265 assertionibus,
464 3187 680 3271 si...ooiui3‚
698 3189 768 3270 queis
785 3190 848 3252 Lm.
866 3191 897 3250 Β.
912 3225 956 3235 -
972 3189 1057 3254 1076
1077 3191 1146 3254 oui

140 3274 287 3341 malibus
308 3276 397 3340 inice
417 3280 554 3341 mentem.
590 3278 699 3340 ka.:
723 3277 822 3341 iudice
843 3277 1147 3350 mesopotamio

142 3361 274 3452 (ipolito)
299 3363 432 3428 Memmi
454 3366 578 3428 Gronov.
597 3366 659 3428 Lm.
678 3367 709 3428 B.
729 3366 814 3429 odioe
836 3370 965 3429 mentem
982 3368 1089 3450 Tohte,
1111 3371 1146 3430 of.

142 3475 208 3528 sup.
234 3455 350 3516 Lueret.
376 3452 460 3517 1879
484 3475 511 3534 p.
535 3452 578 3517 95
602 3455 698 3516 Giuss
722 3453 877 3517 amimalia
897 3453 961 3516 sini
982 3453 1146 3519 dooimeoto

142 3543 212 3604 Poll.
233 3544 269 3604 de
292 3551 345 3604 art.
369 3561 429 3604 voe.
449 3563 476 3622 p.
496 3542 546 3606 28.
570 3578 614 3588 -
634 3540 720 3606 1085
743 3541 823 3621 quod
843 3541 915 3605 hitto
934 3547 1148 3621 yenerotumst
