2512 3874
128 200 191 266 116
614 197 654 251 Ν

198 348 332 426 corporis
354 345 427 405 haec
448 346 587 422 quoniam
609 351 765 423 penetrant
787 361 842 422 per
860 362 926 406 rara
945 347 1083 424 cientque
1097 367 1137 406 uo

198 443 315 496 tenvem
339 435 429 494 animi
451 440 586 492 naturam
609 435 689 492 intus
713 450 891 510 sensumque
915 431 1073 494 lacessunt.

128 539 183 590 750
200 523 362 584 Centauros
385 523 484 598 itaque
508 528 537 579 et
560 520 722 599 Scyllarum
745 519 877 580 membra
899 520 1034 581 videmus

129 627 180 676 715
200 610 421 687 Cerbereasque
445 626 551 669 canum
573 609 663 669 iacies
688 607 902 686 simulacraque
926 626 1030 669 eorum

201 702 443 778 quorummorte
467 695 545 756 obita
567 695 655 756 tellus
679 695 866 774 amplectitur
889 714 968 777 ossa3

202 805 288 847 omne
311 803 404 863 genus
428 787 566 862 quoniam
589 786 699 862 passim
723 783 879 844 simulacra
902 784 1051 865 ieruntnr,
1098 806 1139 848 roo

200 876 309 954 partim
332 879 436 951 sponte
460 890 512 932 sua
536 890 609 950 quae
634 873 708 932 liunt
731 877 798 932 aire
822 874 955 952 inipso,

130 978 186 1030 735
200 964 308 1041 partim
332 979 406 1040 quae
429 962 518 1020 variis
541 959 576 1020 ab
600 959 690 1020 rebus
713 978 838 1038 cumque
862 961 1018 1041 recedunt,

132 1068 183 1116 '120
202 1057 232 1110 et
255 1067 328 1128 quae
351 1049 482 1108 confiunt
505 1066 541 1107 cx
563 1048 670 1108 horum
693 1048 768 1107 lacta
791 1049 903 1126 figuris.

201 1155 269 1198 nam
293 1143 372 1196 certe
395 1155 432 1196 cx
454 1138 519 1194 vivo
542 1134 682 1195 Centauri
704 1154 763 1195 non
787 1137 819 1195 fit
842 1138 951 1216 imago,

201 1225 280 1285 nulla
304 1225 360 1285 linit
382 1226 520 1302 quoniam
543 1223 610 1284 talis
631 1230 737 1284 natura
760 1223 907 1283 animalis:
1099 1247 1140 1286 reo

201 1331 304 1374 verum
326 1312 378 1373 ubi
401 1314 471 1391 equi
492 1318 580 1390 atque
603 1311 731 1374 hominis
754 1330 825 1372 casu
848 1314 985 1372 convenit
1008 1314 1119 1393 imago,

133 1418 186 1469 740
201 1403 349 1462 haerescit
370 1400 455 1460 facile
479 1399 639 1480 extemplo,
663 1399 741 1478 quod
764 1400 893 1460 diximus
916 1407 997 1481 ante,

134 1504 183 1556 rao
201 1497 323 1569 propter
346 1487 485 1549 subtilem
508 1494 642 1548 naturam
665 1495 695 1548 et
717 1490 815 1548 tenvia
837 1495 925 1548 texta.

203 1583 301 1638 cetera
324 1577 361 1636 de
384 1594 492 1654 genere
515 1577 571 1636 hoc
594 1575 697 1635 eadem
719 1578 833 1636 ratione
856 1582 1002 1636 creantur.

204 1683 278 1745 quac
302 1681 369 1724 curn
390 1663 540 1723 mobiliter
562 1681 676 1724 summa
698 1663 815 1724 levitate
838 1664 988 1745 feruntur,
1101 1688 1140 1746 745

203 1759 236 1812 nt
258 1754 342 1830 prius
365 1751 494 1832 ostendi,
517 1751 601 1811 facile
624 1770 684 1811 uno
708 1759 871 1812 commovet
893 1754 955 1812 ictu

134 1856 187 1908 745
204 1838 352 1919 quaelibet
373 1857 432 1899 una
455 1841 585 1899 animurn
607 1839 693 1899 nobis
716 1839 833 1899 subtilis
856 1842 964 1918 imago:

135 1945 185 1995 730
204 1929 299 1988 tenvis
323 1929 403 1987 enim
425 1945 509 1986 mens
533 1934 578 1987 cst
600 1934 631 1987 et
652 1930 728 1987 mire
750 1927 868 1988 mobilis
891 1931 962 2006 ipsa.

247 2015 326 2076 Haeo
346 2015 412 2074 fieri
430 2021 463 2074 ut
480 2032 621 2094 memoro,
639 2015 724 2075 facilc
743 2015 813 2076 hinc
832 2033 1009 2094 cognoscere
1029 2020 1141 2096 possis:

205 2111 350 2183 quatenus
372 2102 428 2163 hoc
452 2103 576 2163 similest
598 2102 654 2184 illi,
678 2104 756 2183 quod
778 2111 877 2163 mente
900 2103 1034 2164 videmus
1102 2129 1142 2169 uo

204 2199 292 2272 atque
315 2190 421 2271 oculis,
445 2190 534 2251 simili
556 2192 622 2251 lieri
645 2194 757 2251 ratione
780 2199 940 2252 necessest

134 2296 189 2347 750
205 2298 284 2341 nunc
307 2282 398 2357 igitur
422 2281 560 2357 quoniam
583 2279 670 2338 docui
692 2296 739 2339 me
763 2279 838 2340 forte
861 2279 977 2341 leonem

630 2385 646 2424 0

136 2471 185 2519 735
205 2473 328 2515 cernere
356 2473 410 2532 per
435 2454 603 2536 simulacra,
632 2454 731 2515 oculos
755 2473 955 2534 quaecumque
978 2455 1143 2539 lacessunt,

205 2544 282 2602 scire
304 2542 374 2602 licet
396 2550 526 2603 mentem
549 2542 639 2603 simili
662 2545 775 2603 ratione
797 2546 940 2623 moveri,·

204 2647 259 2708 per
282 2629 439 2690 simulacra
461 2630 577 2691 leonem
600 2637 631 2690 et
652 2638 750 2690 cetera
774 2649 847 2709 quae
870 2633 951 2691 videt
973 2650 1066 2712 aeque
1102 2657 1143 2696 vce

205 2736 260 2778 nec
282 2719 380 2777 minus
404 2726 491 2797 atque
515 2719 601 2799 oculi,
626 2721 685 2778 nisi
708 2719 785 2798 qrrod
809 2737 892 2798 mage
915 2723 1013 2780 tenvia
1037 2725 1143 2783 cernit.

136 2822 190 2874 755
206 2825 261 2866 nec
284 2807 397 2866 ratione
421 2805 490 2886 alia,
513 2825 581 2867 curn
605 2825 725 2867 somnus
747 2806 879 2867 membra
902 2809 1046 2891 protudit,

136 2911 187 2960 740
206 2911 290 2954 mens
313 2896 404 2954 animi
426 2894 539 2976 vigilat,
562 2897 621 2956 nisi
644 2895 723 2974 quod
746 2895 902 2956 simulacra
923 2896 1074 2959 lacessunt

205 2983 278 3043 haec
301 2982 404 3042 eadem
427 2989 544 3043 nostros
568 2985 680 3044 animos
704 3001 777 3062 quae
801 3001 868 3043 cum
891 2984 1059 3068 vigilamus,

206 3089 301 3149 usque
325 3070 406 3151 adeo,
429 3078 509 3130 certe
532 3063 565 3131 ut
587 3072 739 3132 videamur
762 3090 885 3133 cernere
908 3090 976 3132 enm
1000 3092 1089 3153 quem
1103 3099 1145 3138 veo

207 3158 320 3218 rellicta
342 3161 402 3218 vita
424 3161 482 3218 iam
505 3177 585 3218 mors
607 3167 638 3220 et
659 3167 738 3219 terra
761 3162 889 3238 potitast.

137 3245 261 3310 7001100
284 3246 350 3305 ideo
374 3247 440 3306 lieri
463 3249 541 3324 cogit
562 3254 679 3329 natura,
702 3248 779 3326 quod
804 3267 906 3309 omnes

136 3346 188 3396 745
208 3335 341 3410 corporis
365 3334 463 3393 oiiecti
486 3351 591 3394 sensus
613 3354 667 3414 per
689 3335 821 3396 membra
844 3339 1000 3416 quiescunt

208 3436 264 3479 nec
286 3427 411 3497 possunt
433 3421 538 3481 lalsum
560 3425 638 3482 veris
662 3426 836 3484 convincere
860 3424 957 3485 rebus.

208 3512 360 3584 praeterea
383 3511 552 3569 meminisse
576 3513 652 3571 iacet
673 3511 850 3591 languetque
873 3531 992 3594 sopore,
1104 3537 1147 3578 aaa
