<?xml version="1.0" encoding="UTF-8"?>
<!DOCTYPE html PUBLIC "-//W3C//DTD XHTML 1.0 Transitional//EN"
    "http://www.w3.org/TR/xhtml1/DTD/xhtml1-transitional.dtd">
<html xmlns="http://www.w3.org/1999/xhtml" xml:lang="en" lang="en">
 <head>
  <title>
</title>
<meta http-equiv="Content-Type" content="text/html;charset=utf-8" />
  <meta name='ocr-system' content='tesseract 3.04.00' />
  <meta name='ocr-capabilities' content='ocr_page ocr_carea ocr_par ocr_line ocrx_word'/>
</head>
<body>
  <div class='ocr_page' id='page_1' title='image "./tlucreticarider20carugoog_0176.png"; bbox 0 0 2500 3882; ppageno 0'>
   <div class='ocr_carea' id='block_1_1' title="bbox 613 227 1136 293">
    <p class='ocr_par' dir='ltr' id='par_1_1' title="bbox 613 227 1136 293">
     <span class='ocr_line' id='line_1_1' title="bbox 613 227 1136 293; baseline -0.006 1"><span class='ocrx_word' id='word_1_1' title='bbox 613 227 652 282; x_wconf 83' lang='grc' dir='ltr'>ΠΙ</span> <span class='ocrx_word' id='word_1_2' title='bbox 1076 241 1079 248; x_wconf 82' lang='grc'>’</span> <span class='ocrx_word' id='word_1_3' title='bbox 1095 229 1136 293; x_wconf 80' lang='grc'>87</span> 
     </span>
    </p>
   </div>
   <div class='ocr_carea' id='block_1_2' title="bbox 87 373 1142 2627">
    <p class='ocr_par' dir='ltr' id='par_1_2' title="bbox 87 373 1142 2627">
     <span class='ocr_line' id='line_1_2' title="bbox 200 373 1141 455; baseline 0.006 -23"><span class='ocrx_word' id='word_1_4' title='bbox 200 374 436 452; x_wconf 89' lang='lat' dir='ltr'>dispositumque</span> <span class='ocrx_word' id='word_1_5' title='bbox 460 374 577 435; x_wconf 82' lang='lat' dir='ltr'>videtur</span> <span class='ocrx_word' id='word_1_6' title='bbox 599 374 650 435; x_wconf 90' lang='lat' dir='ltr'>ubi</span> <span class='ocrx_word' id='word_1_7' title='bbox 674 393 740 435; x_wconf 92' lang='lat' dir='ltr'>esse</span> <span class='ocrx_word' id='word_1_8' title='bbox 764 382 794 435; x_wconf 91' lang='lat' dir='ltr'>et</span> <span class='ocrx_word' id='word_1_9' title='bbox 817 373 953 436; x_wconf 87' lang='lat' dir='ltr'>crescere</span> <span class='ocrx_word' id='word_1_10' title='bbox 975 378 1071 455; x_wconf 80' lang='lat' dir='ltr'><strong>possit</strong></span> <span class='ocrx_word' id='word_1_11' title='bbox 1101 397 1141 438; x_wconf 79' lang='lat' dir='ltr'>ass</span> 
     </span>
     <span class='ocr_line' id='line_1_3' title="bbox 200 463 1140 542; baseline 0.002 -21"><span class='ocrx_word' id='word_1_12' title='bbox 200 479 317 522; x_wconf 90' lang='lat' dir='ltr'>sorsum</span> <span class='ocrx_word' id='word_1_13' title='bbox 346 464 442 521; x_wconf 92' lang='lat' dir='ltr'>anima</span> <span class='ocrx_word' id='word_1_14' title='bbox 466 469 552 540; x_wconf 88' lang='lat' dir='ltr'>atque</span> <span class='ocrx_word' id='word_1_15' title='bbox 576 465 706 542; x_wconf 87' lang='lat' dir='ltr'>animus,</span> <span class='ocrx_word' id='word_1_16' title='bbox 733 469 814 524; x_wconf 89' lang='lat' dir='ltr'>tanto</span> <span class='ocrx_word' id='word_1_17' title='bbox 838 465 933 542; x_wconf 83' lang='lat' dir='ltr'>magis</span> <span class='ocrx_word' id='word_1_18' title='bbox 955 463 1140 524; x_wconf 86' lang='lat' dir='ltr'>infitiandum</span> 
     </span>
     <span class='ocr_line' id='line_1_4' title="bbox 125 551 934 629; baseline -0.005 -15"><span class='ocrx_word' id='word_1_19' title='bbox 125 563 183 616; x_wconf 81' lang='lat'>795</span> <span class='ocrx_word' id='word_1_20' title='bbox 199 555 295 609; x_wconf 88' lang='lat' dir='ltr'>totum</span> <span class='ocrx_word' id='word_1_21' title='bbox 318 567 406 628; x_wconf 91' lang='lat' dir='ltr'>posse</span> <span class='ocrx_word' id='word_1_22' title='bbox 430 557 512 610; x_wconf 84' lang='lat' dir='ltr'>extra</span> <span class='ocrx_word' id='word_1_23' title='bbox 535 568 644 629; x_wconf 86' lang='lat' dir='ltr'>corpus</span> <span class='ocrx_word' id='word_1_24' title='bbox 667 551 776 611; x_wconf 89' lang='lat' dir='ltr'>durare</span> <span class='ocrx_word' id='word_1_25' title='bbox 798 552 934 629; x_wconf 86' lang='lat' dir='ltr'>genique.</span> 
     </span>
     <span class='ocr_line' id='line_1_5' title="bbox 126 637 988 718; baseline -0.005 -15"><span class='ocrx_word' id='word_1_26' title='bbox 126 653 306 717; x_wconf 72' lang='lat' dir='ltr'>assonare,</span> <span class='ocrx_word' id='word_1_27' title='bbox 329 655 437 716; x_wconf 88' lang='lat' dir='ltr'>corpus</span> <span class='ocrx_word' id='word_1_28' title='bbox 460 637 513 698; x_wconf 87' lang='lat' dir='ltr'>ubi</span> <span class='ocrx_word' id='word_1_29' title='bbox 536 639 662 718; x_wconf 84' lang='lat' dir='ltr'>interiit,</span> <span class='ocrx_word' id='word_1_30' title='bbox 685 641 813 717; x_wconf 89' lang='lat' dir='ltr'>periisse</span> <span class='ocrx_word' id='word_1_31' title='bbox 835 646 988 700; x_wconf 84' lang='lat' dir='ltr'>necessest</span> 
     </span>
     <span class='ocr_line' id='line_1_6' title="bbox 201 726 999 806; baseline 0.003 -21"><span class='ocrx_word' id='word_1_32' title='bbox 201 726 359 786; x_wconf 87' lang='lat' dir='ltr'>confiteare</span> <span class='ocrx_word' id='word_1_33' title='bbox 383 727 511 785; x_wconf 88' lang='lat' dir='ltr'>animam</span> <span class='ocrx_word' id='word_1_34' title='bbox 534 726 704 786; x_wconf 77' lang='lat' dir='ltr'>distractam</span> <span class='ocrx_word' id='word_1_35' title='bbox 728 728 759 786; x_wconf 91' lang='lat' dir='ltr'>in</span> <span class='ocrx_word' id='word_1_36' title='bbox 783 744 907 806; x_wconf 91' lang='lat' dir='ltr'>corpore</span> <span class='ocrx_word' id='word_1_37' title='bbox 929 733 999 787; x_wconf 87' lang='lat' dir='ltr'>toto.</span> 
     </span>
     <span class='ocr_line' id='line_1_7' title="bbox 202 812 1140 892; baseline 0.006 -20"><span class='ocrx_word' id='word_1_38' title='bbox 202 815 311 892; x_wconf 86' lang='lat' dir='ltr'>quippe</span> <span class='ocrx_word' id='word_1_39' title='bbox 335 815 446 873; x_wconf 85' lang='lat' dir='ltr'>etenim</span> <span class='ocrx_word' id='word_1_40' title='bbox 468 812 592 873; x_wconf 78' lang='lat' dir='ltr'>mortale</span> <span class='ocrx_word' id='word_1_41' title='bbox 615 821 735 874; x_wconf 89' lang='lat' dir='ltr'>aeterno</span> <span class='ocrx_word' id='word_1_42' title='bbox 758 816 882 892; x_wconf 85' lang='lat' dir='ltr'>iungere</span> <span class='ocrx_word' id='word_1_43' title='bbox 906 821 936 875; x_wconf 87' lang='lat' dir='ltr'>et</span> <span class='ocrx_word' id='word_1_44' title='bbox 957 833 1015 876; x_wconf 93' lang='lat' dir='ltr'>una</span> <span class='ocrx_word' id='word_1_45' title='bbox 1101 838 1140 878; x_wconf 89' lang='lat' dir='ltr'>soo</span> 
     </span>
     <span class='ocr_line' id='line_1_8' title="bbox 202 901 890 981; baseline 0.003 -21"><span class='ocrx_word' id='word_1_46' title='bbox 202 903 370 961; x_wconf 87' lang='lat' dir='ltr'>consentire</span> <span class='ocrx_word' id='word_1_47' title='bbox 392 907 496 980; x_wconf 89' lang='lat' dir='ltr'>putare</span> <span class='ocrx_word' id='word_1_48' title='bbox 521 909 551 961; x_wconf 93' lang='lat' dir='ltr'>et</span> <span class='ocrx_word' id='word_1_49' title='bbox 573 901 657 980; x_wconf 83' lang='lat' dir='ltr'>fungi</span> <span class='ocrx_word' id='word_1_50' title='bbox 679 909 780 962; x_wconf 89' lang='lat' dir='ltr'>mutua</span> <span class='ocrx_word' id='word_1_51' title='bbox 802 921 890 981; x_wconf 90' lang='lat' dir='ltr'>posse</span> 
     </span>
     <span class='ocr_line' id='line_1_9' title="bbox 87 988 1050 1070; baseline 0.003 -23"><span class='ocrx_word' id='word_1_52' title='bbox 87 1019 89 1028; x_wconf 76' lang='lat'>=</span> <span class='ocrx_word' id='word_1_53' title='bbox 126 1005 187 1056; x_wconf 82' lang='lat'>800</span> <span class='ocrx_word' id='word_1_54' title='bbox 201 988 379 1067; x_wconf 89' lang='lat' dir='ltr'>desiperest:</span> <span class='ocrx_word' id='word_1_55' title='bbox 402 989 473 1066; x_wconf 91' lang='lat' dir='ltr'>quid</span> <span class='ocrx_word' id='word_1_56' title='bbox 497 992 577 1048; x_wconf 92' lang='lat' dir='ltr'>enim</span> <span class='ocrx_word' id='word_1_57' title='bbox 598 989 745 1050; x_wconf 83' lang='lat' dir='ltr'>diversius</span> <span class='ocrx_word' id='word_1_58' title='bbox 769 1008 835 1050; x_wconf 87' lang='lat' dir='ltr'>esse</span> <span class='ocrx_word' id='word_1_59' title='bbox 857 992 1050 1070; x_wconf 87' lang='lat' dir='ltr'>putandumst</span> 
     </span>
     <span class='ocr_line' id='line_1_10' title="bbox 127 1077 1024 1160; baseline 0.003 -23"><span class='ocrx_word' id='word_1_60' title='bbox 127 1093 182 1143; x_wconf 84' lang='lat'>800</span> <span class='ocrx_word' id='word_1_61' title='bbox 202 1083 252 1137; x_wconf 91' lang='lat' dir='ltr'>aut</span> <span class='ocrx_word' id='word_1_62' title='bbox 275 1078 368 1155; x_wconf 81' lang='lat' dir='ltr'>magis</span> <span class='ocrx_word' id='word_1_63' title='bbox 392 1078 470 1136; x_wconf 90' lang='lat' dir='ltr'>inter</span> <span class='ocrx_word' id='word_1_64' title='bbox 494 1095 525 1136; x_wconf 91' lang='lat' dir='ltr'>se</span> <span class='ocrx_word' id='word_1_65' title='bbox 550 1077 731 1138; x_wconf 89' lang='lat' dir='ltr'>disiunctum</span> <span class='ocrx_word' id='word_1_66' title='bbox 754 1078 1024 1160; x_wconf 86' lang='lat' dir='ltr'>discrepitansque,</span> 
     </span>
     <span class='ocr_line' id='line_1_11' title="bbox 203 1163 1037 1245; baseline 0.004 -21"><span class='ocrx_word' id='word_1_67' title='bbox 203 1183 292 1244; x_wconf 90' lang='lat' dir='ltr'>quam</span> <span class='ocrx_word' id='word_1_68' title='bbox 313 1163 437 1224; x_wconf 89' lang='lat' dir='ltr'>mortale</span> <span class='ocrx_word' id='word_1_69' title='bbox 460 1164 538 1242; x_wconf 90' lang='lat' dir='ltr'>quod</span> <span class='ocrx_word' id='word_1_70' title='bbox 562 1172 607 1224; x_wconf 90' lang='lat' dir='ltr'>est</span> <span class='ocrx_word' id='word_1_71' title='bbox 629 1165 778 1226; x_wconf 86' lang='lat' dir='ltr'>inmortali</span> <span class='ocrx_word' id='word_1_72' title='bbox 802 1172 889 1245; x_wconf 89' lang='lat' dir='ltr'>atque</span> <span class='ocrx_word' id='word_1_73' title='bbox 911 1169 1037 1245; x_wconf 89' lang='lat' dir='ltr'>perenni</span> 
     </span>
     <span class='ocr_line' id='line_1_12' title="bbox 626 1271 644 1312; baseline 0 0"><span class='ocrx_word' id='word_1_74' title='bbox 626 1271 644 1312; x_wconf 72' lang='grc'>0</span> 
     </span>
     <span class='ocr_line' id='line_1_13' title="bbox 201 1337 1140 1420; baseline 0.003 -20"><span class='ocrx_word' id='word_1_75' title='bbox 201 1343 335 1400; x_wconf 89' lang='lat' dir='ltr'>iunctum</span> <span class='ocrx_word' id='word_1_76' title='bbox 358 1342 389 1400; x_wconf 94' lang='lat' dir='ltr'>in</span> <span class='ocrx_word' id='word_1_77' title='bbox 412 1339 537 1400; x_wconf 88' lang='lat' dir='ltr'>concilio</span> <span class='ocrx_word' id='word_1_78' title='bbox 561 1358 662 1401; x_wconf 86' lang='lat' dir='ltr'>saevas</span> <span class='ocrx_word' id='word_1_79' title='bbox 685 1341 811 1402; x_wconf 91' lang='lat' dir='ltr'>tolerare</span> <span class='ocrx_word' id='word_1_80' title='bbox 834 1337 1001 1420; x_wconf 81' lang='lat' dir='ltr'>procellas?</span> <span class='ocrx_word' id='word_1_81' title='bbox 1101 1363 1140 1404; x_wconf 80' lang='lat' dir='ltr'>soa</span> 
     </span>
     <span class='ocr_line' id='line_1_14' title="bbox 201 1434 1041 1507; baseline -0.001 -19"><span class='ocrx_word' id='word_1_82' title='bbox 201 1434 355 1507; x_wconf 87' lang='lat' dir='ltr'>praeterea</span> <span class='ocrx_word' id='word_1_83' title='bbox 378 1446 582 1506; x_wconf 88' lang='lat' dir='ltr'>quaecumque</span> <span class='ocrx_word' id='word_1_84' title='bbox 604 1436 725 1489; x_wconf 90' lang='lat' dir='ltr'>manent</span> <span class='ocrx_word' id='word_1_85' title='bbox 747 1436 866 1489; x_wconf 90' lang='lat' dir='ltr'>aeterna</span> <span class='ocrx_word' id='word_1_86' title='bbox 889 1435 1041 1489; x_wconf 85' lang='lat' dir='ltr'>necessest</span> 
     </span>
     <span class='ocr_line' id='line_1_15' title="bbox 127 1515 1083 1596; baseline 0 -20"><span class='ocrx_word' id='word_1_87' title='bbox 127 1533 187 1584; x_wconf 81' lang='lat'>805</span> <span class='ocrx_word' id='word_1_88' title='bbox 201 1522 251 1576; x_wconf 89' lang='lat' dir='ltr'>aut</span> <span class='ocrx_word' id='word_1_89' title='bbox 275 1517 343 1594; x_wconf 93' lang='grc'>0010</span> <span class='ocrx_word' id='word_1_90' title='bbox 367 1522 436 1576; x_wconf 90' lang='lat' dir='ltr'>sunt</span> <span class='ocrx_word' id='word_1_91' title='bbox 459 1515 553 1576; x_wconf 92' lang='lat' dir='ltr'>solido</span> <span class='ocrx_word' id='word_1_92' title='bbox 576 1535 644 1577; x_wconf 92' lang='lat' dir='ltr'>cum</span> <span class='ocrx_word' id='word_1_93' title='bbox 667 1535 790 1595; x_wconf 89' lang='lat' dir='ltr'>corpore</span> <span class='ocrx_word' id='word_1_94' title='bbox 813 1535 956 1596; x_wconf 88' lang='lat' dir='ltr'>respuere</span> <span class='ocrx_word' id='word_1_95' title='bbox 979 1519 1056 1577; x_wconf 87' lang='lat' dir='ltr'>ictus</span> <span class='ocrx_word' id='word_1_96' title='bbox 1082 1533 1083 1536; x_wconf 69' lang='grc'>’</span> 
     </span>
     <span class='ocr_line' id='line_1_16' title="bbox 128 1603 1098 1684; baseline -0.003 -17"><span class='ocrx_word' id='word_1_97' title='bbox 128 1621 183 1672; x_wconf 81' lang='lat' dir='ltr'>sos</span> <span class='ocrx_word' id='word_1_98' title='bbox 202 1622 259 1664; x_wconf 91' lang='lat' dir='ltr'>nec</span> <span class='ocrx_word' id='word_1_99' title='bbox 281 1611 437 1683; x_wconf 88' lang='lat' dir='ltr'>penetrare</span> <span class='ocrx_word' id='word_1_100' title='bbox 459 1606 523 1683; x_wconf 92' lang='lat' dir='ltr'>pati</span> <span class='ocrx_word' id='word_1_101' title='bbox 546 1603 785 1684; x_wconf 78' lang='grc' dir='ltr'>0111001000οη1</span> <span class='ocrx_word' id='word_1_102' title='bbox 808 1605 885 1684; x_wconf 88' lang='lat' dir='ltr'>quod</span> <span class='ocrx_word' id='word_1_103' title='bbox 909 1610 998 1684; x_wconf 89' lang='lat' dir='ltr'>queat</span> <span class='ocrx_word' id='word_1_104' title='bbox 1020 1611 1098 1666; x_wconf 89' lang='lat' dir='ltr'>artas</span> 
     </span>
     <span class='ocr_line' id='line_1_17' title="bbox 202 1693 810 1774; baseline -0.002 -21"><span class='ocrx_word' id='word_1_105' title='bbox 202 1693 364 1753; x_wconf 87' lang='lat' dir='ltr'>dissociare</span> <span class='ocrx_word' id='word_1_106' title='bbox 387 1695 468 1754; x_wconf 89' lang='lat' dir='ltr'>intus</span> <span class='ocrx_word' id='word_1_107' title='bbox 490 1695 598 1774; x_wconf 86' lang='lat' dir='ltr'>partis,</span> <span class='ocrx_word' id='word_1_108' title='bbox 620 1701 654 1754; x_wconf 92' lang='lat' dir='ltr'>ut</span> <span class='ocrx_word' id='word_1_109' title='bbox 675 1696 810 1754; x_wconf 90' lang='lat' dir='ltr'>materiai</span> 
     </span>
     <span class='ocr_line' id='line_1_18' title="bbox 203 1781 1142 1862; baseline 0.003 -21"><span class='ocrx_word' id='word_1_110' title='bbox 203 1799 327 1860; x_wconf 88' lang='lat' dir='ltr'>corpora</span> <span class='ocrx_word' id='word_1_111' title='bbox 350 1788 419 1841; x_wconf 90' lang='lat' dir='ltr'>sunt</span> <span class='ocrx_word' id='word_1_112' title='bbox 442 1799 569 1859; x_wconf 91' lang='lat' dir='ltr'>quorum</span> <span class='ocrx_word' id='word_1_113' title='bbox 591 1789 725 1842; x_wconf 89' lang='lat' dir='ltr'>naturam</span> <span class='ocrx_word' id='word_1_114' title='bbox 749 1781 931 1842; x_wconf 82' lang='lat' dir='ltr'>ostendimus</span> <span class='ocrx_word' id='word_1_115' title='bbox 955 1788 1037 1862; x_wconf 84' lang='lat' dir='ltr'>ante,</span> <span class='ocrx_word' id='word_1_116' title='bbox 1103 1804 1142 1844; x_wconf 82' lang='lat' dir='ltr'>uo</span> 
     </span>
     <span class='ocr_line' id='line_1_19' title="bbox 203 1869 965 1950; baseline 0 -22"><span class='ocrx_word' id='word_1_117' title='bbox 203 1869 343 1929; x_wconf 87' lang='lat' dir='ltr'>antideo</span> <span class='ocrx_word' id='word_1_118' title='bbox 367 1869 473 1928; x_wconf 91' lang='lat' dir='ltr'>durare</span> <span class='ocrx_word' id='word_1_119' title='bbox 496 1876 621 1929; x_wconf 89' lang='lat' dir='ltr'>aetatem</span> <span class='ocrx_word' id='word_1_120' title='bbox 645 1887 733 1948; x_wconf 90' lang='lat' dir='ltr'>posse</span> <span class='ocrx_word' id='word_1_121' title='bbox 755 1887 811 1948; x_wconf 91' lang='lat' dir='ltr'>per</span> <span class='ocrx_word' id='word_1_122' title='bbox 834 1887 965 1950; x_wconf 81' lang='lat' dir='ltr'>omnem,</span> 
     </span>
     <span class='ocr_line' id='line_1_20' title="bbox 129 1955 947 2037; baseline 0.001 -22"><span class='ocrx_word' id='word_1_123' title='bbox 129 1973 189 2024; x_wconf 82' lang='lat'>810</span> <span class='ocrx_word' id='word_1_124' title='bbox 202 1955 353 2035; x_wconf 85' lang='lat' dir='ltr'>plagarum</span> <span class='ocrx_word' id='word_1_125' title='bbox 376 1958 446 2034; x_wconf 92' lang='lat' dir='ltr'>quia</span> <span class='ocrx_word' id='word_1_126' title='bbox 469 1964 539 2017; x_wconf 91' lang='lat' dir='ltr'>sunt</span> <span class='ocrx_word' id='word_1_127' title='bbox 561 1959 694 2036; x_wconf 86' lang='lat' dir='ltr'>expertia</span> <span class='ocrx_word' id='word_1_128' title='bbox 717 1959 795 2017; x_wconf 90' lang='lat' dir='ltr'>sicut</span> <span class='ocrx_word' id='word_1_129' title='bbox 818 1958 947 2037; x_wconf 85' lang='lat' dir='ltr'>inanest,</span> 
     </span>
     <span class='ocr_line' id='line_1_21' title="bbox 130 2043 1118 2124; baseline -0.008 -12"><span class='ocrx_word' id='word_1_130' title='bbox 130 2062 185 2112; x_wconf 85' lang='lat'>810</span> <span class='ocrx_word' id='word_1_131' title='bbox 204 2044 283 2123; x_wconf 88' lang='lat' dir='ltr'>quod</span> <span class='ocrx_word' id='word_1_132' title='bbox 305 2051 405 2104; x_wconf 91' lang='lat' dir='ltr'>manet</span> <span class='ocrx_word' id='word_1_133' title='bbox 427 2047 570 2104; x_wconf 92' lang='lat' dir='ltr'>intactum</span> <span class='ocrx_word' id='word_1_134' title='bbox 592 2063 689 2122; x_wconf 89' lang='lat' dir='ltr'>neque</span> <span class='ocrx_word' id='word_1_135' title='bbox 713 2043 750 2104; x_wconf 88' lang='lat' dir='ltr'>ab</span> <span class='ocrx_word' id='word_1_136' title='bbox 773 2047 834 2104; x_wconf 88' lang='lat' dir='ltr'>ictu</span> <span class='ocrx_word' id='word_1_137' title='bbox 857 2045 988 2122; x_wconf 83' lang='lat' dir='ltr'>iungitur</span> <span class='ocrx_word' id='word_1_138' title='bbox 1011 2043 1118 2124; x_wconf 86' lang='lat' dir='ltr'>hilum,</span> 
     </span>
     <span class='ocr_line' id='line_1_22' title="bbox 204 2130 959 2210; baseline -0.004 -17"><span class='ocrx_word' id='word_1_139' title='bbox 204 2139 254 2194; x_wconf 89' lang='lat' dir='ltr'>aut</span> <span class='ocrx_word' id='word_1_140' title='bbox 277 2134 365 2192; x_wconf 90' lang='lat' dir='ltr'>etiam</span> <span class='ocrx_word' id='word_1_141' title='bbox 388 2134 457 2210; x_wconf 90' lang='grc'>0010</span> <span class='ocrx_word' id='word_1_142' title='bbox 480 2130 560 2192; x_wconf 89' lang='grc'>00110</span> <span class='ocrx_word' id='word_1_143' title='bbox 583 2131 641 2192; x_wconf 90' lang='grc'>1001</span> <span class='ocrx_word' id='word_1_144' title='bbox 665 2133 704 2192; x_wconf 93' lang='lat' dir='ltr'>sit</span> <span class='ocrx_word' id='word_1_145' title='bbox 726 2134 810 2210; x_wconf 89' lang='lat' dir='ltr'>copia</span> <span class='ocrx_word' id='word_1_146' title='bbox 834 2134 959 2210; x_wconf 85' lang='lat' dir='ltr'>circum,</span> 
     </span>
     <span class='ocr_line' id='line_1_23' title="bbox 205 2217 1142 2299; baseline 0 -19"><span class='ocrx_word' id='word_1_147' title='bbox 205 2238 263 2299; x_wconf 92' lang='grc'>000</span> <span class='ocrx_word' id='word_1_148' title='bbox 287 2222 372 2298; x_wconf 89' lang='grc'>00001</span> <span class='ocrx_word' id='word_1_149' title='bbox 394 2239 442 2280; x_wconf 89' lang='lat' dir='ltr'>res</span> <span class='ocrx_word' id='word_1_150' title='bbox 465 2222 582 2298; x_wconf 91' lang='lat' dir='ltr'>possint</span> <span class='ocrx_word' id='word_1_151' title='bbox 604 2219 757 2279; x_wconf 90' lang='lat' dir='ltr'>discedere</span> <span class='ocrx_word' id='word_1_152' title='bbox 781 2217 976 2298; x_wconf 85' lang='lat' dir='ltr'>dissoluique‚</span> <span class='ocrx_word' id='word_1_153' title='bbox 1103 2240 1142 2280; x_wconf 80' lang='lat' dir='ltr'>su</span> 
     </span>
     <span class='ocr_line' id='line_1_24' title="bbox 205 2309 1045 2386; baseline -0.005 -18"><span class='ocrx_word' id='word_1_154' title='bbox 205 2309 294 2368; x_wconf 91' lang='lat' dir='ltr'>sicuti</span> <span class='ocrx_word' id='word_1_155' title='bbox 316 2325 498 2368; x_wconf 89' lang='lat' dir='ltr'>summarum</span> <span class='ocrx_word' id='word_1_156' title='bbox 521 2314 664 2367; x_wconf 85' lang='lat' dir='ltr'>summast</span> <span class='ocrx_word' id='word_1_157' title='bbox 686 2313 819 2386; x_wconf 83' lang='lat' dir='ltr'>aeterna,</span> <span class='ocrx_word' id='word_1_158' title='bbox 842 2323 938 2383; x_wconf 88' lang='lat' dir='ltr'>neque</span> <span class='ocrx_word' id='word_1_159' title='bbox 961 2312 1045 2364; x_wconf 86' lang='lat' dir='ltr'>extra</span> 
     </span>
     <span class='ocr_line' id='line_1_25' title="bbox 131 2394 1141 2475; baseline -0.012 -11"><span class='ocrx_word' id='word_1_160' title='bbox 131 2411 189 2464; x_wconf 86' lang='lat'>815</span> <span class='ocrx_word' id='word_1_161' title='bbox 203 2398 270 2475; x_wconf 85' lang='lat' dir='ltr'>quis</span> <span class='ocrx_word' id='word_1_162' title='bbox 291 2394 374 2456; x_wconf 92' lang='lat' dir='ltr'>locus</span> <span class='ocrx_word' id='word_1_163' title='bbox 392 2403 439 2456; x_wconf 91' lang='lat' dir='ltr'>est</span> <span class='ocrx_word' id='word_1_164' title='bbox 457 2412 515 2473; x_wconf 90' lang='lat' dir='ltr'>quo</span> <span class='ocrx_word' id='word_1_165' title='bbox 535 2394 698 2474; x_wconf 85' lang='lat' dir='ltr'>diffugiant,</span> <span class='ocrx_word' id='word_1_166' title='bbox 721 2411 817 2472; x_wconf 89' lang='lat' dir='ltr'>neque</span> <span class='ocrx_word' id='word_1_167' title='bbox 837 2411 960 2471; x_wconf 89' lang='lat' dir='ltr'>corpora</span> <span class='ocrx_word' id='word_1_168' title='bbox 980 2399 1049 2454; x_wconf 84' lang='lat' dir='ltr'>sunt</span> <span class='ocrx_word' id='word_1_169' title='bbox 1068 2411 1141 2471; x_wconf 89' lang='lat' dir='ltr'>quae</span> 
     </span>
     <span class='ocr_line' id='line_1_26' title="bbox 130 2479 943 2562; baseline -0.011 -12"><span class='ocrx_word' id='word_1_170' title='bbox 130 2500 185 2551; x_wconf 84' lang='lat'>815</span> <span class='ocrx_word' id='word_1_171' title='bbox 204 2486 320 2562; x_wconf 89' lang='lat' dir='ltr'>possint</span> <span class='ocrx_word' id='word_1_172' title='bbox 342 2483 474 2544; x_wconf 90' lang='lat' dir='ltr'>incidere</span> <span class='ocrx_word' id='word_1_173' title='bbox 497 2490 527 2543; x_wconf 91' lang='lat' dir='ltr'>et</span> <span class='ocrx_word' id='word_1_174' title='bbox 549 2481 644 2542; x_wconf 87' lang='lat' dir='ltr'>valida</span> <span class='ocrx_word' id='word_1_175' title='bbox 667 2481 827 2542; x_wconf 90' lang='lat' dir='ltr'>dissolvere</span> <span class='ocrx_word' id='word_1_176' title='bbox 850 2479 943 2560; x_wconf 86' lang='lat' dir='ltr'>plaga.</span> 
     </span>
     <span class='ocr_line' id='line_1_27' title="bbox 631 2589 648 2627; baseline 0 0"><span class='ocrx_word' id='word_1_177' title='bbox 631 2589 648 2627; x_wconf 68' lang='grc'>0</span> 
     </span>
    </p>
   </div>
   <div class='ocr_carea' id='block_1_3' title="bbox 128 2656 1143 3090">
    <p class='ocr_par' dir='ltr' id='par_1_3' title="bbox 128 2656 1143 3090">
     <span class='ocr_line' id='line_1_28' title="bbox 128 2656 1033 2738; baseline -0.003 -17"><span class='ocrx_word' id='word_1_178' title='bbox 128 2711 130 2722; x_wconf 87' lang='grc'>,</span> <span class='ocrx_word' id='word_1_179' title='bbox 205 2659 284 2738; x_wconf 87' lang='lat' dir='ltr'>quod</span> <span class='ocrx_word' id='word_1_180' title='bbox 307 2661 333 2718; x_wconf 93' lang='lat' dir='ltr'>si</span> <span class='ocrx_word' id='word_1_181' title='bbox 354 2660 430 2719; x_wconf 83' lang='lat' dir='ltr'>forte</span> <span class='ocrx_word' id='word_1_182' title='bbox 454 2659 521 2719; x_wconf 91' lang='lat' dir='ltr'>ideo</span> <span class='ocrx_word' id='word_1_183' title='bbox 543 2661 637 2737; x_wconf 87' lang='lat' dir='ltr'>magis</span> <span class='ocrx_word' id='word_1_184' title='bbox 660 2656 835 2717; x_wconf 88' lang='lat' dir='ltr'>immortalis</span> <span class='ocrx_word' id='word_1_185' title='bbox 857 2657 1033 2738; x_wconf 86' lang='lat' dir='ltr'>hahendast,</span> 
     </span>
     <span class='ocr_line' id='line_1_29' title="bbox 205 2745 1143 2826; baseline 0.002 -19"><span class='ocrx_word' id='word_1_186' title='bbox 205 2746 284 2825; x_wconf 89' lang='lat' dir='ltr'>quod</span> <span class='ocrx_word' id='word_1_187' title='bbox 307 2745 443 2807; x_wconf 88' lang='lat' dir='ltr'>letalibus</span> <span class='ocrx_word' id='word_1_188' title='bbox 467 2746 502 2806; x_wconf 91' lang='lat' dir='ltr'>ab</span> <span class='ocrx_word' id='word_1_189' title='bbox 526 2746 616 2806; x_wconf 88' lang='lat' dir='ltr'>rebus</span> <span class='ocrx_word' id='word_1_190' title='bbox 638 2748 752 2806; x_wconf 91' lang='lat' dir='ltr'>munita</span> <span class='ocrx_word' id='word_1_191' title='bbox 775 2752 905 2826; x_wconf 86' lang='lat' dir='ltr'>tenetur,</span> <span class='ocrx_word' id='word_1_192' title='bbox 1104 2768 1143 2809; x_wconf 79' lang='lat' dir='ltr'>sao</span> 
     </span>
     <span class='ocr_line' id='line_1_30' title="bbox 130 2832 973 2913; baseline -0.004 -18"><span class='ocrx_word' id='word_1_193' title='bbox 130 2873 132 2876; x_wconf 94' lang='lat'>-</span> <span class='ocrx_word' id='word_1_194' title='bbox 205 2842 256 2895; x_wconf 90' lang='lat' dir='ltr'>aut</span> <span class='ocrx_word' id='word_1_195' title='bbox 278 2835 346 2912; x_wconf 89' lang='lat' dir='ltr'>quia</span> <span class='ocrx_word' id='word_1_196' title='bbox 369 2852 430 2894; x_wconf 89' lang='lat' dir='ltr'>non</span> <span class='ocrx_word' id='word_1_197' title='bbox 451 2837 574 2895; x_wconf 90' lang='lat' dir='ltr'>veniunt</span> <span class='ocrx_word' id='word_1_198' title='bbox 596 2837 715 2894; x_wconf 91' lang='lat' dir='ltr'>omnino</span> <span class='ocrx_word' id='word_1_199' title='bbox 738 2832 834 2894; x_wconf 91' lang='lat' dir='ltr'>aliena</span> <span class='ocrx_word' id='word_1_200' title='bbox 857 2833 973 2913; x_wconf 81' lang='lat' dir='ltr'>salutis,</span> 
     </span>
     <span class='ocr_line' id='line_1_31' title="bbox 129 2920 1011 3000; baseline -0.009 -13"><span class='ocrx_word' id='word_1_201' title='bbox 129 2939 193 2991; x_wconf 78' lang='lat'>820</span> <span class='ocrx_word' id='word_1_202' title='bbox 204 2929 255 2983; x_wconf 90' lang='lat' dir='ltr'>aut</span> <span class='ocrx_word' id='word_1_203' title='bbox 278 2924 346 3000; x_wconf 89' lang='lat' dir='ltr'>quia</span> <span class='ocrx_word' id='word_1_204' title='bbox 370 2940 443 3000; x_wconf 92' lang='lat' dir='ltr'>quae</span> <span class='ocrx_word' id='word_1_205' title='bbox 466 2924 589 2981; x_wconf 85' lang='lat' dir='ltr'>veniunt</span> <span class='ocrx_word' id='word_1_206' title='bbox 611 2921 708 3000; x_wconf 91' lang='lat' dir='ltr'>aliqua</span> <span class='ocrx_word' id='word_1_207' title='bbox 730 2924 844 2982; x_wconf 89' lang='lat' dir='ltr'>ratione</span> <span class='ocrx_word' id='word_1_208' title='bbox 868 2920 1011 2982; x_wconf 90' lang='lat' dir='ltr'>recedunt</span> 
     </span>
     <span class='ocr_line' id='line_1_32' title="bbox 130 3008 1063 3090; baseline -0.012 -12"><span class='ocrx_word' id='word_1_209' title='bbox 130 3028 186 3078; x_wconf 79' lang='lat'>820</span> <span class='ocrx_word' id='word_1_210' title='bbox 204 3009 290 3090; x_wconf 92' lang='lat' dir='ltr'>pulsa</span> <span class='ocrx_word' id='word_1_211' title='bbox 311 3012 395 3088; x_wconf 88' lang='lat' dir='ltr'>prius</span> <span class='ocrx_word' id='word_1_212' title='bbox 418 3027 506 3088; x_wconf 88' lang='lat' dir='ltr'>quam</span> <span class='ocrx_word' id='word_1_213' title='bbox 530 3008 601 3088; x_wconf 91' lang='lat' dir='ltr'>quid</span> <span class='ocrx_word' id='word_1_214' title='bbox 624 3017 751 3071; x_wconf 89' lang='lat' dir='ltr'>noceant</span> <span class='ocrx_word' id='word_1_215' title='bbox 773 3012 883 3070; x_wconf 90' lang='lat' dir='ltr'>sentire</span> <span class='ocrx_word' id='word_1_216' title='bbox 908 3025 1063 3088; x_wconf 85' lang='lat' dir='ltr'>queamus,</span> 
     </span>
    </p>
   </div>
   <div class='ocr_carea' id='block_1_4' title="bbox 128 3186 1144 3616">
    <p class='ocr_par' dir='ltr' id='par_1_4' title="bbox 128 3186 1144 3442">
     <span class='ocr_line' id='line_1_33' title="bbox 128 3186 1144 3268; baseline 0.001 -23"><span class='ocrx_word' id='word_1_217' title='bbox 128 3234 131 3245; x_wconf 77' lang='grc'>,</span> <span class='ocrx_word' id='word_1_218' title='bbox 204 3195 323 3268; x_wconf 87' lang='lat' dir='ltr'>praeter</span> <span class='ocrx_word' id='word_1_219' title='bbox 345 3189 425 3247; x_wconf 91' lang='lat' dir='ltr'>enim</span> <span class='ocrx_word' id='word_1_220' title='bbox 448 3203 535 3264; x_wconf 89' lang='lat' dir='ltr'>quam</span> <span class='ocrx_word' id='word_1_221' title='bbox 559 3186 638 3264; x_wconf 93' lang='lat' dir='ltr'>quod</span> <span class='ocrx_word' id='word_1_222' title='bbox 661 3186 772 3246; x_wconf 90' lang='lat' dir='ltr'>morbis</span> <span class='ocrx_word' id='word_1_223' title='bbox 797 3204 864 3246; x_wconf 92' lang='lat' dir='ltr'>cum</span> <span class='ocrx_word' id='word_1_224' title='bbox 883 3186 1015 3263; x_wconf 89' lang='lat' dir='ltr'>corporis</span> <span class='ocrx_word' id='word_1_225' title='bbox 1035 3193 1144 3266; x_wconf 82' lang='lat' dir='ltr'>aegret,</span> 
     </span>
     <span class='ocr_line' id='line_1_34' title="bbox 204 3273 1143 3354; baseline -0.003 -15"><span class='ocrx_word' id='word_1_226' title='bbox 204 3277 323 3340; x_wconf 86' lang='lat' dir='ltr'>advenit</span> <span class='ocrx_word' id='word_1_227' title='bbox 344 3275 375 3335; x_wconf 96' lang='lat' dir='ltr'>id</span> <span class='ocrx_word' id='word_1_228' title='bbox 399 3273 477 3354; x_wconf 87' lang='lat' dir='ltr'>quod</span> <span class='ocrx_word' id='word_1_229' title='bbox 501 3292 566 3334; x_wconf 88' lang='lat' dir='ltr'>eam</span> <span class='ocrx_word' id='word_1_230' title='bbox 590 3275 626 3335; x_wconf 91' lang='lat' dir='ltr'>dc</span> <span class='ocrx_word' id='word_1_231' title='bbox 650 3273 740 3334; x_wconf 87' lang='lat' dir='ltr'>rebus</span> <span class='ocrx_word' id='word_1_232' title='bbox 763 3291 850 3353; x_wconf 90' lang='lat' dir='ltr'>saepe</span> <span class='ocrx_word' id='word_1_233' title='bbox 874 3273 982 3334; x_wconf 85' lang='lat' dir='ltr'>futuris</span> <span class='ocrx_word' id='word_1_234' title='bbox 1104 3296 1143 3336; x_wconf 76' lang='lat' dir='ltr'>aas</span> 
     </span>
     <span class='ocr_line' id='line_1_35' title="bbox 203 3361 1060 3442; baseline -0.002 -18"><span class='ocrx_word' id='word_1_235' title='bbox 203 3371 333 3425; x_wconf 86' lang='lat' dir='ltr'>macerat</span> <span class='ocrx_word' id='word_1_236' title='bbox 355 3365 445 3441; x_wconf 91' lang='lat' dir='ltr'>inque</span> <span class='ocrx_word' id='word_1_237' title='bbox 469 3370 551 3422; x_wconf 90' lang='lat' dir='ltr'>metu</span> <span class='ocrx_word' id='word_1_238' title='bbox 573 3361 648 3422; x_wconf 92' lang='lat' dir='ltr'>male</span> <span class='ocrx_word' id='word_1_239' title='bbox 671 3361 759 3422; x_wconf 85' lang='lat' dir='ltr'>habet</span> <span class='ocrx_word' id='word_1_240' title='bbox 783 3364 920 3440; x_wconf 90' lang='lat' dir='ltr'>curisque</span> <span class='ocrx_word' id='word_1_241' title='bbox 945 3362 1060 3442; x_wconf 82' lang='lat' dir='ltr'>fatigat,</span> 
     </span>
    </p>

    <p class='ocr_par' dir='ltr' id='par_1_5' title="bbox 130 3449 1034 3530">
     <span class='ocr_line' id='line_1_36' title="bbox 130 3449 1034 3530; baseline -0.011 -10"><span class='ocrx_word' id='word_1_242' title='bbox 130 3467 192 3520; x_wconf 78' lang='grc'>805</span> <span class='ocrx_word' id='word_1_243' title='bbox 202 3453 431 3530; x_wconf 88' lang='lat' dir='ltr'>praeteritisque</span> <span class='ocrx_word' id='word_1_244' title='bbox 456 3450 532 3510; x_wconf 91' lang='lat' dir='ltr'>male</span> <span class='ocrx_word' id='word_1_245' title='bbox 556 3450 691 3510; x_wconf 88' lang='lat' dir='ltr'>admissis</span> <span class='ocrx_word' id='word_1_246' title='bbox 714 3456 835 3527; x_wconf 92' lang='lat' dir='ltr'>peccata</span> <span class='ocrx_word' id='word_1_247' title='bbox 857 3449 1034 3510; x_wconf 90' lang='lat' dir='ltr'>remordent.</span> 
     </span>
    </p>

    <p class='ocr_par' dir='ltr' id='par_1_6' title="bbox 131 3535 1102 3616">
     <span class='ocr_line' id='line_1_37' title="bbox 131 3535 1102 3616; baseline -0.005 -17"><span class='ocrx_word' id='word_1_248' title='bbox 131 3557 184 3606; x_wconf 78' lang='grc'>000</span> <span class='ocrx_word' id='word_1_249' title='bbox 204 3539 279 3599; x_wconf 87' lang='lat' dir='ltr'>addo</span> <span class='ocrx_word' id='word_1_250' title='bbox 303 3539 435 3598; x_wconf 84' lang='lat' dir='ltr'>furorem</span> <span class='ocrx_word' id='word_1_251' title='bbox 458 3541 550 3598; x_wconf 93' lang='lat' dir='ltr'>animi</span> <span class='ocrx_word' id='word_1_252' title='bbox 572 3539 726 3616; x_wconf 91' lang='lat' dir='ltr'>proprium</span> <span class='ocrx_word' id='word_1_253' title='bbox 749 3544 836 3614; x_wconf 90' lang='lat' dir='ltr'>atque</span> <span class='ocrx_word' id='word_1_254' title='bbox 860 3535 966 3596; x_wconf 87' lang='lat' dir='ltr'>oblivia</span> <span class='ocrx_word' id='word_1_255' title='bbox 989 3553 1102 3615; x_wconf 85' lang='lat' dir='ltr'>rerum,</span> 
     </span>
    </p>
   </div>
   <div class='ocr_carea' id='block_1_5' title="bbox 0 0 1260 3882">
    <p class='ocr_par' dir='ltr' id='par_1_7' title="bbox 0 0 1260 3882">
     <span class='ocr_line' id='line_1_38' title="bbox 0 0 1260 3882; baseline 0 0"><span class='ocrx_word' id='word_1_256' title='bbox 0 0 1260 3882; x_wconf 95' lang='lat' dir='ltr'> </span> 
     </span>
    </p>
   </div>
  </div>
 </body>
</html>
