2500 3882
595 209 621 261 II

173 351 388 431 secundamque
411 355 510 414 minus
533 361 668 414 naturam
691 358 789 415 cernis
812 355 938 437 inillis,

171 446 202 499 at
224 443 346 518 regione
369 441 492 519 locoque
516 440 573 502 alio
597 445 744 521 terrisque
768 446 889 504 remotis

96 527 264 588 5555555115
287 527 357 588 licet
379 545 487 606 genere
511 547 577 590 esse
601 532 632 590 15
656 549 690 590 55
714 550 928 610 numerumque
951 533 1073 614 repleri,

171 617 249 676 sicul
273 615 488 694 quadripedum
511 620 705 696 cumprimis
728 637 794 680 esse
817 620 950 681 videmus
1089 688 1091 694 7

170 705 204 762 15
227 721 335 781 genere
359 706 552 781 anguimanus
577 705 760 787 51551555555,
782 707 864 768 India
888 727 1013 787 quorum

170 790 291 851 milibus
315 809 331 851 5
354 790 455 852 multis
478 792 553 852 vallo
576 796 709 855 munitur
731 794 857 876 eburno,

170 886 205 939 ut
228 881 347 958 penitus
370 887 498 958 nequeat
520 885 683 959 penetrari:
706 890 785 943 tanta
809 885 938 947 serarum

95 969 217 1027 545515
241 974 298 1047 est3
323 985 447 1046 quarum
470 986 524 1028 nos
546 987 694 1048 perpauca
717 971 848 1050 exempla
871 974 1012 1034 videmus.

172 1055 225 1115 sed
248 1062 346 1115 tamen
369 1054 400 1115 id
424 1074 540 1135 quoque
563 1060 608 1117 uti
631 1059 803 1139 concedam,
828 1079 916 1139 quam
938 1061 1019 1123 lubet
1041 1069 1104 1122 esto

169 1145 258 1204 unica
281 1161 330 1203 res
353 1143 495 1222 qrmedam
519 1147 616 1205 nativo
640 1164 763 1224 5555555
787 1147 861 1228 5515,

170 1233 221 1291 551
244 1231 348 1292 similis
372 1238 433 1292 toto
455 1239 603 1293 terrarum
626 1230 714 1294 55115
737 1237 776 1295 sit
798 1234 876 1296 orbi:

171 1319 286 1380 infinita
308 1325 406 1380 tamen
430 1322 489 1380 nisi
512 1323 569 1381 erit
590 1323 636 1381 vis
657 1324 803 1403 materiai,

95 1414 150 1463 545
170 1407 249 1468 unde
273 1425 307 1467 55
330 1410 466 1486 progigni
488 1411 584 1486 possit
607 1417 760 1490 concepta,
784 1413 879 1470 creari

170 1513 231 1556 non
253 1498 371 1576 poterit,
394 1514 500 1577 neque,
523 1497 601 1575 quod
620 1504 765 1577 superest,
788 1515 978 1576 procrescere
997 1499 1102 1579 alique.

171 1586 280 1662 quippe
305 1585 414 1644 etenim
438 1592 590 1645 sumantur
613 1587 657 1645 uti
680 1587 761 1646 finita
783 1603 837 1664 per
859 1604 946 1647 omne

171 1687 296 1750 5555555
318 1673 421 1732 iactari
444 1674 533 1732 unius
556 1673 693 1751 genitalia
716 1676 774 1754 rei,

170 1759 249 1820 unde
271 1758 325 1819 ubi
347 1778 403 1838 qua
426 1762 455 1820 ri
478 1767 508 1820 et
531 1779 589 1839 quo
611 1769 696 1840 pacto
720 1779 877 1840 congressa
900 1763 1021 1825 coibunt

98 1854 150 1903 550
169 1849 310 1908 materiae
333 1853 414 1907 tanto
438 1851 469 1908 15
491 1849 594 1928 pelago
617 1848 761 1927 turbaque
785 1847 900 1911 aliena?

170 1954 243 2017 non,
266 1942 299 1997 ut
321 1938 439 2017 opinor,
461 1936 570 1997 habent
592 1941 736 1998 rationem
759 1939 947 2000 conciliandi:

171 2024 223 2084 sed
248 2026 331 2102 quasi
354 2025 514 2103 naufragiis
537 2028 650 2104 magnis
673 2025 833 2104 multisque
856 2030 964 2088 coortis

171 2112 327 2172 disiectare
351 2112 427 2173 solet
448 2130 586 2191 magnum
609 2132 690 2174 mare
711 2121 839 2174 transtra
863 2115 993 2192 guberna

170 2207 323 2261 antemnas
345 2219 463 2279 proram
486 2200 577 2261 malos
601 2209 758 2280 tonsasque
782 2205 923 2282 natantis,

98 2293 225 2368 555555
247 2296 394 2350 terrarum
417 2291 512 2349 omnis
537 2307 602 2349 oras
625 2290 770 2350 fluitantia
793 2288 922 2368 aplustra

170 2385 204 2439 ut
226 2377 380 2438 videantur
403 2385 433 2438 et
455 2377 597 2438 indicium
620 2377 793 2438 mortalibus
816 2377 915 2459 edant,

171 2465 255 2526 inlidi
277 2467 367 2525 maris
390 2467 512 2527 insidias
534 2467 665 2544 virisque
689 2464 845 2544 dolumque

170 2560 205 2614 ut
226 2555 319 2613 vitare
342 2553 446 2633 velint,
469 2573 541 2615 neve
564 2553 625 2615 5115
647 2561 780 2632 tempore
804 2554 938 2636 credant,

171 2640 293 2701 subdola
316 2659 383 2702 cum
406 2642 483 2702 ridet
504 2642 612 2722 placidi
634 2641 756 2722 pellacia
779 2645 874 2723 ponti,

101 2736 152 2785 555
171 2731 215 2790 515
238 2728 293 2789 tibi
316 2731 342 2789 si
364 2730 447 2789 linita
470 2730 560 2790 semel
583 2731 744 2810 primordia
768 2731 910 2809 quaedam

171 2820 347 2898 constitues,
370 2835 470 2878 aevom
494 2817 642 2880 debebunt
665 2836 767 2898 sparsa
789 2838 843 2898 per
866 2838 983 2880 omnem

171 2905 327 2966 disiectare
351 2913 449 2966 aestus
473 2905 582 2966 diversi
605 2909 752 2988 materiai,

170 3011 331 3072 numquam
354 2996 385 3054 in
409 2993 566 3055 concilium
589 3002 622 3056 ut
644 2998 760 3075 possint
783 2994 932 3075 compulsa
955 2997 1034 3056 coire

169 3100 226 3142 nec
249 3084 391 3142 remorari
414 3084 445 3142 in
468 3082 592 3143 55551115
615 3102 671 3144 555
695 3101 829 3144 55555555
852 3083 986 3164 adaucta3

101 3175 151 3225 555
171 3188 296 3248 quorum
319 3177 478 3249 utrumque
501 3170 596 3250 palam
619 3172 685 3232 fieri
707 3173 862 3232 manifesta
885 3171 971 3233 docet
993 3191 1055 3254 res,

170 3265 201 3319 et
222 3276 272 3318 res
294 3261 430 3338 progigni
453 3265 482 3318 et
504 3261 617 3337 genitas
640 3277 830 3338 procrescere
852 3277 948 3338 posse.

170 3364 236 3408 esse
259 3349 350 3424 igitur
372 3365 479 3425 genere
503 3349 534 3406 in
558 3350 661 3426 quovis
684 3347 846 3426 primordia
869 3366 967 3409 rerum

170 3435 285 3494 infinita
307 3434 444 3515 palamst,
467 3435 545 3495 unde
569 3437 666 3496 omnia
690 3435 921 3513 suppeditantur.

215 3521 276 3583 Nec
300 3540 440 3602 superare
464 3530 576 3602 queunt
598 3529 695 3583 motus
718 3525 817 3601 itaque
841 3524 973 3585 exitiales
