2512 3874
604 216 630 270 V
1053 217 1116 282 157

183 370 213 424 66
234 364 344 442 partim
367 361 454 441 plano
479 370 593 423 scatere
618 370 705 442 atque
728 381 885 442 erumpere
910 384 1021 443 campo.

110 469 163 517 940
181 451 309 512 necdum
331 469 381 511 res
403 453 466 529 igni
489 450 604 512 scibant
626 459 752 512 tractare
776 470 872 530 neque
896 456 940 513 nti

108 546 163 597 951
181 538 310 619 pellibus
334 546 364 599 et
387 538 489 616 spoliis
513 557 621 618 corpus
645 543 753 600 vestire
777 541 920 622 ferarum,

183 628 236 687 sed
259 644 380 688 nemora
403 634 490 706 atque
514 646 600 688 cavos
622 630 732 689 montis
756 627 902 707 silvasque
922 628 1118 710 colebant,'eaa

182 723 213 776 et
236 716 358 776 frutices
382 716 460 775 inter
484 715 648 776 condebant
672 715 805 795 squalida
827 716 972 798 membra,

182 802 306 864 verbera
329 810 485 863 ventorum
507 805 600 864 vitare
624 803 788 885 imbrisque
812 807 912 865 coacti.

111 908 164 958 945
183 909 239 952 nec
263 909 418 951 commune
440 890 550 952 bonum
574 899 710 970 poterant
732 899 880 973 spectare,
902 911 997 972 neque
1021 891 1089 952 ullis

109 985 168 1037 956
185 978 318 1040 moribus
342 980 420 1039 inter
444 997 475 1039 66
500 978 615 1040 scibant
637 998 692 1040 nec
717 979 831 1057 legibus
854 983 906 1041 uti.

184 1067 263 1147 qnod
286 1068 394 1145 cuique
418 1065 564 1127 obtulerat
586 1068 711 1146 praedae
735 1069 864 1147 fortuna,
888 1067 1001 1129 ferebat
1079 1090 1118 1130 666

185 1164 290 1234 sponte
309 1173 366 1234 ‚sua
389 1154 447 1215 sibi
469 1157 596 1234 quisque
618 1154 716 1216 valere
740 1163 770 1216 et
792 1159 889 1216 vivere
909 1157 1020 1216 doctus.

185 1251 216 1304 et
236 1242 336 1303 Venus
358 1245 390 1302 in
414 1242 495 1303 silvis
518 1242 658 1321 iungebat
680 1261 805 1322 corpora
827 1251 988 1305 amantum:

112 1346 166 1397 950
186 1330 361 1393 conciliabat
385 1333 465 1392 enim
488 1330 533 1391 vel
556 1338 658 1392 mutua
681 1350 826 1410 quamque
850 1332 956 1410 cupido

111 1425 168 1477 961
186 1419 234 1480 vel
255 1418 384 1480 violenta
406 1420 463 1478 viri
486 1421 530 1479 vis
553 1426 640 1497 atque
663 1421 787 1498 inpensa
809 1418 900 1479 libido

185 1507 232 1569 vel
254 1509 397 1588 pretium,
419 1506 539 1585 glandes
563 1514 650 1585 atque
675 1507 769 1568 arbita
791 1506 837 1567 vel
859 1509 924 1586 pira
946 1507 1030 1568 lecta.
1081 1527 1120 1569 666

186 1604 217 1657 66
238 1614 379 1657 manuum
401 1597 477 1656 mira
499 1596 568 1655 freti
590 1597 698 1655 virtute
721 1595 889 1675 pedumque
1080 1618 1120 1659 666

187 1682 432 1745 consectabantur
455 1683 601 1744 silvestria
625 1682 720 1744 saecla
742 1684 885 1765 ferarum,
1081 1706 1120 1746 666

114 1785 167 1836 955
187 1771 351 1833 missilibus
375 1772 452 1832 saxis
477 1778 506 1832 66
528 1790 634 1850 magno
657 1771 788 1851 pondere
812 1771 918 1833 clavae.
1081 1793 1121 1834 era

114 1864 171 1916 965
187 1859 336 1938 multaque
359 1857 527 1941 vincebant,
550 1859 681 1921 vitabant
702 1869 799 1939 panca·
818 1859 954 1942 latebris;
1080 1881 1120 1922 666

189 1948 401 2025 saetigerisque
424 1965 511 2025 pares
530 1947 622 2008 subus
646 1947 792 2008 silvestria
814 1947 946 2009 membra
1081 1969 1121 2010 666

187 2035 266 2097 nuda
289 2034 397 2095 dabant
418 2041 528 2115 terrae,
551 2043 696 2096 nocturno
719 2043 852 2115 tempore
875 2038 966 2115 capti,
1082 2058 1121 2098 em

116 2129 173 2182 970
188 2125 301 2184 circum
325 2141 356 2182 se
380 2122 459 2183 foliis
483 2141 516 2182 ac
538 2121 693 2183 frondibus
715 2123 905 2184 involventes.

116 2226 169 2277 960
188 2230 244 2272 nec
265 2209 406 2289 plangore
429 2210 508 2270 diem
530 2228 637 2289 magno
661 2209 812 2288 solemque
834 2229 889 2288 per
911 2228 997 2288 agros

190 2297 370 2379 quaerebant
392 2298 490 2376 pavidi
511 2297 643 2376 palantes
666 2299 762 2358 noctis
784 2300 816 2358 in
839 2296 967 2379 umbrie,

190 2387 243 2447 sed
265 2388 348 2446 taciti
370 2385 576 2464 respectabant
599 2403 761 2465 somnoque
784 2385 906 2466 sepulti,

190 2475 260 2534 dum
283 2492 368 2535 rosea
391 2474 453 2534 face
477 2473 521 2533 sol
544 2474 668 2534 inferret
690 2473 802 2535 lumina
825 2472 919 2534 caelo:
1083 2497 1121 2536 666

117 2567 207 2622 9756
228 2563 325 2641 parvis
350 2561 427 2639 quod
451 2563 530 2621 enim
554 2570 731 2622 consuerant
753 2580 876 2622 cernere
900 2579 1017 2640 semper

118 2664 170 2717 965
190 2649 302 2710 alterno
324 2648 463 2710 tenebras
486 2656 517 2710 et
538 2649 635 2710 lucem
657 2657 790 2729 tempore
814 2652 907 2730 gigni,

190 2757 249 2799 non
272 2745 336 2799 erat
357 2743 391 2798 ut
413 2737 478 2797 lieri
499 2745 621 2816 possent
643 2739 779 2798 mirarier
801 2756 940 2817 umquam

190 2845 245 2887 nec
268 2826 415 2906 diffidere,
438 2843 475 2885 ne
500 2831 594 2886 terras
618 2833 736 2886 aeterna
758 2833 874 2886 teneret

189 2932 248 2974 nox
271 2916 500 2992 inperpetuum
523 2913 653 2974 detracto
676 2912 788 2974 lumine
813 2913 892 2973 solis.

118 3007 177 3060 980
192 3001 243 3062 sed
266 3003 359 3080 magis
381 3001 454 3062 illud
478 3008 541 3063 erat
564 3020 665 3082 curae,
687 3002 765 3080 qnod
789 3001 885 3062 saecla
907 3001 1037 3062 ferarum

119 3106 172 3157 910
190 3090 329 3151 infestam
351 3091 468 3149 miseris
491 3088 636 3149 faciebant
659 3107 746 3167 saepe
770 3090 913 3167 quietem:

191 3179 336 3255 eiectique
359 3177 445 3236 domo
469 3175 620 3254 fugiebant
642 3195 729 3238 saxea
751 3184 831 3237 tecta

191 3266 354 3345 spumigeri
376 3267 438 3325 suis
462 3264 587 3325 adventu
609 3265 756 3344 validique
778 3266 888 3347 leonis,

191 3361 278 3432 atque
301 3355 478 3431 intempesta
501 3351 644 3413 cedebant
667 3361 752 3414 nocte
776 3362 916 3433 paventes

118 3447 176 3501 985
188 3440 356 3520 hospitibus
381 3443 474 3501 saevis
497 3442 622 3500 instrata
645 3439 753 3501 cubilia
775 3441 888 3502 fronde.

221 3526 287 3592 964
302 3557 342 3579 =
358 3529 434 3610 aar,
453 3525 517 3590 966
533 3554 575 3576 --
590 3527 665 3610 9653
685 3526 748 3591 osv
766 3556 806 3578 =
821 3530 884 3592 666
904 3535 933 3588 a
951 3529 1021 3590 666.
