2500 3882
625 216 651 269 II

129 381 166 428 25
185 363 334 442 lampadas
356 363 497 440 igniferas
519 363 655 424 manibus
679 366 836 424 retinentia
859 364 984 446 dextris,

184 451 296 511 lumina
318 453 471 510 nocturnis
494 449 589 530 epulis
613 458 646 511 ut
669 451 907 532 suppeditentur,

185 557 240 599 nec
264 539 368 598 domus
391 545 513 616 argento
536 539 659 617 fulgenti
682 558 811 618 auroque
835 539 963 620 renidet,

184 645 240 687 nec
263 627 392 687 citharae
415 625 538 687 reboant
560 627 693 706 laqueata
716 635 874 706 aurataque
897 634 988 707 tecta,

185 734 253 776 cum
275 721 374 774 tamen
396 716 474 774 inter
498 733 529 775 se
553 717 693 793 prostrati
716 717 747 775 in
770 718 900 793 gramine
924 715 1006 775 molli

129 819 166 868 30
184 809 306 882 propter
328 820 421 880 aquae
443 805 540 862 rivum
564 802 618 863 sub
642 805 731 863 ramis
755 802 869 863 arboris
892 803 966 863 altae

182 908 245 952 non
268 892 382 968 magnis
406 889 511 969 opibus
534 891 660 951 iucunde
684 909 807 969 corpora
830 898 947 972 curant,

184 980 360 1058 praesertim
383 996 451 1038 cum
473 985 633 1058 tempestas
657 979 771 1039 adridet
793 986 823 1039 et
846 982 915 1039 anni

183 1074 318 1146 tempora
341 1073 540 1145 conspergunt
561 1067 715 1127 viridantis
738 1066 861 1128 floribus
883 1065 998 1128 herbas.

185 1173 241 1215 nec
264 1154 374 1214 calidae
397 1156 486 1214 citius
510 1154 657 1214 decedunt
680 1173 803 1234 corpore
827 1154 938 1234 febres,

130 1259 167 1308 35
185 1241 337 1303 textilibus
361 1244 387 1302 si
409 1244 441 1301 iu
463 1245 588 1321 picturis
611 1250 750 1320 ostroque
773 1242 892 1303 rubenti

185 1333 317 1410 iacteris,
341 1347 427 1408 quam
452 1333 477 1390 si
499 1332 531 1390 in
552 1329 667 1409 plebeia
689 1338 770 1390 veste
793 1330 994 1391 cubandumst.

187 1424 365 1497 quapropter
389 1421 526 1496 quoniam
550 1418 592 1477 nil
615 1425 715 1478 nostro
739 1421 770 1478 in
793 1436 916 1496 corpore
940 1436 1025 1496 gazae

185 1507 345 1586 proficiunt
366 1524 462 1584 neque
485 1505 623 1565 nobilitas
646 1524 701 1565 nec
723 1505 817 1584 gloria
838 1508 935 1586 regni,

187 1594 265 1674 quod
294 1600 442 1673 superest,
469 1595 566 1653 auimo
594 1612 709 1672 quoque
733 1594 775 1654 nil
797 1594 937 1672 prodesse
960 1593 1136 1672 putandum:

130 1700 167 1748 40
188 1685 215 1743 si
237 1700 297 1742 non
319 1682 395 1741 forte
419 1689 483 1742 tuas
506 1681 637 1759 legiones
660 1701 714 1761 per
736 1682 799 1742 loca
822 1684 918 1761 campi

187 1771 301 1830 fervere
324 1787 391 1829 cum
413 1769 525 1850 rideas,
548 1769 619 1830 belli
642 1770 797 1831 simulacra
820 1772 938 1850 cientis,

188 1857 327 1918 subsidiis
350 1859 463 1935 maguis
487 1864 517 1918 et
538 1876 645 1936 equom
667 1861 696 1918 vi
719 1857 931 1938 constabilitas,

188 1953 305 2006 ornatas
328 1947 417 2005 armis
440 1948 552 2024 pariter
573 1949 742 2026 pariterque
766 1949 919 2027 animatas,

628 2052 645 2091 s

188 2123 302 2182 ferrera
326 2139 392 2182 cum
415 2121 515 2181 videas
540 2120 663 2188 classem
686 2121 800 2200 lateque
824 2124 935 2202 vagari,

187 2210 235 2270 bis
257 2209 312 2269 tibi
333 2217 396 2270 tum
418 2208 508 2269 rebus
531 2209 696 2268 timefactae
719 2208 876 2286 religiones

134 2316 170 2364 45
189 2298 333 2375 effugiunt
355 2299 451 2357 animo
474 2296 591 2377 pavide,
614 2299 776 2374 mortisque
799 2299 921 2355 timores

188 2393 251 2446 tum
273 2404 397 2445 vacuum
418 2393 522 2464 pectus
546 2384 660 2444 lincunt
682 2402 810 2462 curaque
834 2383 970 2443 solutum.

189 2473 266 2553 quod
290 2475 316 2533 si
338 2473 462 2532 ridicula
484 2473 556 2532 haec
578 2471 762 2550 ludibriaque
786 2489 850 2531 esse
874 2471 1019 2552 ridemus,

189 2580 221 2621 re
243 2579 370 2639 veraque
392 2567 489 2620 metus
511 2561 664 2620 hominum
687 2578 832 2638 curaeque
857 2578 997 2638 sequaces

188 2667 243 2709 nec
266 2655 401 2709 metuunt
424 2650 537 2709 sonitus
561 2666 709 2708 armorum
732 2667 786 2708 nec
810 2648 872 2707 fera
894 2648 952 2709 tela

133 2755 169 2802 60
188 2737 384 2815 audacterque
406 2739 485 2797 iuter
507 2755 593 2815 reges
616 2755 774 2814 rerumque
797 2739 926 2816 potentis

187 2833 342 2886 versantur
364 2843 460 2903 neque
483 2825 626 2902 fulgorem
648 2831 820 2885 reverentur
842 2825 877 2885 ab
901 2843 972 2886 auro

187 2932 243 2974 nec
266 2913 378 2974 clarum
400 2915 490 2973 vestis
514 2912 700 2990 splendorem
723 2915 894 2994 purpureai,

189 3002 259 3080 quid
283 3000 399 3061 dubitas
423 3002 494 3079 quin
517 3000 604 3059 omni'
628 3003 668 3060 sit
689 3001 762 3060 haec
783 3001 897 3061 rationi’
920 2997 1073 3079 potestas?

188 3091 284 3150 omnis
307 3107 374 3150 cum
397 3092 428 3148 in
451 3087 581 3148 tenebris
604 3091 779 3166 praesertim
801 3091 859 3148 vita
882 3086 1007 3148 laboret:

132 3195 168 3242 55
187 3196 255 3238 nam
278 3178 368 3238 veluti
389 3178 475 3257 pueri
497 3176 646 3255 trepidant
668 3183 755 3255 atque
779 3177 876 3235 omuia
900 3177 995 3235 caeeis

187 3265 372 3326 intenebris
396 3271 543 3344 metuunt,
567 3266 609 3324 sic
632 3282 686 3324 nos
709 3267 741 3323 in
763 3264 828 3324 luce
851 3265 989 3324 timemus

187 3354 349 3434 interdum,
372 3354 432 3413 nilo
456 3371 529 3431 quae
554 3359 622 3412 sunt
644 3351 801 3412 metuenda
823 3353 916 3429 magis
941 3371 1028 3430 quam
1083 3425 1084 3428 Ἴ

187 3460 260 3520 quae
283 3443 370 3522 pueri
392 3443 423 3501 in
446 3439 576 3500 tenebris
598 3443 729 3519 pavitant
751 3441 921 3517 finguntque
946 3441 1051 3501 futura.

186 3529 266 3590 bunc
288 3532 378 3608 igitur
400 3537 545 3590 terrorem
568 3530 658 3587 animi
680 3527 876 3604 tenebrasque
899 3535 1050 3587 necessest

186 3639 329 3679 Lucusrms.
344 3640 377 3680 ed.
391 3639 517 3687 Brieger.
910 3633 925 3680 3
