2512 3874
623 221 662 275 VI

146 380 198 431 900
216 367 362 445 principio
385 367 418 427 nt
440 374 473 428 nt
495 370 526 428 in
550 367 699 447 speluncis
722 385 791 427 saxa
813 386 940 446 superne
967 429 975 452 ‚

217 453 324 515 sudent
347 473 448 515 umore
472 462 502 515 et
524 457 615 534 guttis
638 455 819 516 manantibu'
842 455 961 516 stillent.

217 549 315 602 manat
337 545 409 603 item
431 543 516 603 nobis
540 562 556 604 e
581 550 641 603 toto
665 561 787 622 corpore
812 544 916 624 sudor,

145 636 200 688 945
217 633 324 691 crescit
341 630 440 711 barba,
457 631 569 710 pilique
588 650 642 711 per
661 634 758 691 omnia
775 632 915 712 membra,
932 649 987 711 per
1005 638 1096 693 artus.
1111 653 1151 696 ets

217 717 328 779 diditur
350 721 381 780 in
404 737 493 779 venas
517 718 600 780 cibus
623 722 732 800 omnis,
755 727 841 798 auget
864 719 972 798 alitque

145 822 199 872 940
217 809 350 885 corporis
374 813 519 868 extremas
543 826 659 886 quoque
682 810 775 887 partis
797 806 1040 886 unguiculosque.

215 887 226 978 ll
238 895 332 972 frigus
355 897 426 955 item
449 898 577 956 transire
599 915 654 974 per
677 914 740 976 aes,
764 895 949 975 calidumque
971 914 1122 979 vaporem,

217 985 374 1064 sentimus,
400 985 545 1044 sentimus
568 986 640 1045 item
661 985 788 1044 transire
811 1002 867 1062 per
889 1002 992 1045 aurum

145 1076 201 1128 950
217 1077 303 1149 atque
326 1089 381 1151 per
403 1079 566 1152 argentum,
589 1089 656 1132 cum
678 1071 784 1150 pocula
803 1071 890 1151 plena
908 1080 1052 1133 tenemus
1070 1069 1081 1151 l
1112 1093 1151 1134 000

217 1159 343 1237 denique
366 1177 421 1238 per
443 1159 574 1237 dissepta
596 1159 750 1220 domorum
773 1178 860 1220 saxea
882 1177 969 1220 voces

145 1261 198 1313 940
216 1247 406 1328 pervolitant,
428 1254 581 1326 permanat
604 1246 677 1307 odor
698 1247 850 1325 frigusque
873 1266 1020 1326 vaposque

216 1338 307 1416 ignis,
330 1337 382 1414 qni
404 1335 477 1395 ferri
500 1353 616 1414 quoque
639 1337 699 1394 vim
721 1342 877 1414 penetrare
900 1338 1004 1397 suevit

218 1424 345 1502 denique
369 1441 426 1501 qua
449 1425 560 1484 circum
585 1421 656 1483 caeli
679 1423 771 1483 lorica
794 1427 912 1483 coercet

639 1529 656 1567 0

145 1605 201 1659 955
216 1597 350 1660 morbida
372 1600 475 1677 visque
500 1597 600 1680 simul,
624 1617 691 1660 cum
715 1601 898 1660 extrinsecus
921 1601 1097 1681 insinuatur,
1111 1620 1150 1662 oss

640 1705 659 1744 0

218 1794 234 1836 0
256 1781 431 1854 tempestate
454 1777 485 1836 in
508 1784 588 1837 terra
611 1774 750 1855 caeloque
773 1781 915 1857 coortast,

146 1880 199 1930 000
217 1866 249 1923 in
271 1862 385 1924 caelum
406 1870 560 1942 terrasque
583 1872 711 1924 remotas
734 1866 799 1924 iure
822 1864 984 1945 lacessunt;

218 1950 455 2030 quandoquidem
476 1951 519 2011 nil
542 1960 587 2011 est
609 1953 668 2011 nisi
690 1970 790 2012 rarum
813 1970 935 2031 corpore
958 1969 1074 2013 nexum

260 2038 324 2099 Huc
347 2037 460 2098 accedit
481 2040 525 2098 uti
546 2055 606 2097 non
630 2040 741 2118 omnia,
764 2057 838 2116 quae
861 2041 1009 2100 iaciuntur

145 2135 202 2187 960
219 2144 342 2206 corpora
365 2143 490 2204 cumque
514 2123 550 2184 ab
574 2123 676 2206 rebus,
699 2125 803 2185 eodem
824 2126 956 2204 praedita
980 2145 1069 2187 sensu
1111 2150 1150 2192 eso

217 2224 304 2294 atque
328 2214 432 2274 eodem
454 2219 539 2292 pacto
562 2211 651 2274 rebus
676 2215 736 2273 sint
758 2212 894 2274 omnibus
918 2220 991 2294 apta.

146 2319 199 2370 900
216 2304 363 2383 principio
385 2309 496 2361 terram
520 2300 564 2360 sol
587 2303 724 2379 excoquit
747 2302 868 2362 etfacit
890 2320 954 2382 are,

218 2398 247 2450 at
269 2389 392 2469 glaciem
416 2388 549 2450 dissolvit
571 2397 601 2450 et
623 2389 689 2450 altis
711 2389 861 2451 montibus
884 2389 956 2450 altas

218 2485 424 2557 extructasque
446 2480 530 2538 nives
553 2478 643 2538 radiis
665 2476 818 2538 tabescere
842 2480 931 2556 cogit:

146 2573 202 2627 965
218 2566 345 2645 denique
368 2584 436 2628 cera
458 2565 571 2644 liquefit
592 2568 624 2626 in
647 2568 711 2627 eius
733 2572 817 2644 posta
840 2584 955 2645 vapore.
1111 2587 1150 2630 000

217 2657 294 2734 ignis
317 2657 389 2715 item
411 2653 556 2732 liquidum
578 2654 648 2714 facit
670 2672 720 2714 aes
744 2672 905 2734 aurumque
929 2654 1062 2737 resolvit,

147 2750 247 2812 900οῑ
269 2745 349 2804 coria
372 2750 402 2803 et
425 2759 542 2803 earnem
565 2742 655 2803 trahit
677 2749 707 2803 et
730 2742 867 2804 conducit
890 2746 1043 2806 inunum.

216 2849 303 2894 umor
325 2848 417 2911 aquae
440 2847 529 2909 porro
552 2831 664 2892 serrum
686 2831 829 2893 condurat
851 2831 887 2893 ab
910 2835 984 2914 igni,

217 2928 247 2981 at
269 2922 349 2982 coria
372 2926 402 2981 et
424 2936 543 2980 carnem
566 2918 661 2978 mollit
683 2919 786 2980 durata
809 2919 914 2981 001000.

146 3016 203 3069 970
217 3007 387 3086 barbigeras
411 3007 537 3068 oleaster
560 3023 595 3066 eo
617 3009 697 3068 iuvat
719 3026 814 3086 usqne
838 3007 976 3087 capellas,
1109 3029 1149 3070 0οο

217 3096 317 3157 affluat
339 3095 485 3156 ambrosia
508 3097 592 3173 quasi
615 3113 697 3174 vero,
720 3102 750 3155 ct
772 3102 890 3155 nectare
913 3097 1036 3174 tinctus3

146 3201 197 3252 000
217 3202 275 3264 qua
296 3181 338 3242 nil
361 3190 407 3242 est
428 3182 541 3243 homini
564 3183 641 3262 quod
664 3183 785 3244 amariu'
807 3182 941 3243 frondeat
964 3199 1038 3241 esca.

217 3273 344 3349 deniqne
367 3272 565 3330 amaracinum
588 3270 694 3348 fugitat
716 3289 767 3332 sus
789 3277 819 3330 et
841 3272 926 3330 timet
948 3287 1034 3329 omne

215 3367 390 3438 ungentum:
413 3375 481 3417 nam
504 3359 658 3435 saetigeris
682 3358 772 3418 subus
796 3376 863 3419 acre
885 3364 1073 3439 venenumst3

144 3455 200 3508 975
217 3447 294 3527 qued
317 3465 372 3507 nos
394 3445 543 3506 interdum
565 3451 714 3524 tamquam
737 3464 871 3508 recreare
894 3446 1019 3506 videtur.
1109 3467 1148 3510 ers

216 3543 246 3596 at
268 3541 369 3595 contra
391 3533 477 3595 nobis
501 3551 624 3595 caenum
646 3536 815 3596 taeterrima
837 3553 904 3596 eum
929 3536 968 3593 sit
