2496 3876
484 195 765 252 PROLEGOMENA.
1041 196 1133 251 XXIII

124 343 196 422 quid
224 344 315 422 igitur
337 349 540 424 expectamus,
568 344 627 403 nisi
650 360 718 403 eum
741 342 890 403 dicturum
913 361 979 404 esse
1002 361 1036 404 ea
1059 361 1131 423 quo-

124 449 182 512 que
206 449 280 511 quae
304 449 341 491 ex
363 432 535 511 primordiis
558 433 632 510 ipsis
656 437 792 491 contexta
810 432 872 490 sint
889 449 1003 492 summa
1021 431 1130 492 debere

123 537 190 580 esse
222 516 388 580 tenuitate?
437 537 533 598 neque
565 518 688 580 dubium
720 526 777 600 est,
812 521 883 596 quin
909 519 1065 580 Lucretius
1099 519 1130 579 id

124 607 256 668 scribere
283 609 315 668 in
343 609 439 668 animo
465 607 615 688 habuerit;
643 607 696 667 sed
722 614 880 687 antequam
913 607 1070 689 scriberet,
1097 610 1129 668 in

123 703 255 758 mentem
282 698 310 757 ei
336 698 416 757 venit
441 696 572 756 nondum
595 695 828 756 demonstratum
852 711 926 776 esse,
950 713 1038 774 quam
1061 695 1129 756 sub·

123 783 190 844 tilia
221 791 320 845 essent
350 784 513 864 primordia
544 802 658 844 rerum:
690 786 789 862 itaque
816 782 852 843 ab
881 785 1017 844 instituto
1045 786 1131 863 quasi

124 871 265 932 aberrans
293 874 334 933 ita
360 873 470 954 pergit,
497 880 529 933 ut
556 872 634 932 dicat
659 887 743 934 νννν
765 873 867 934 tomen
888 869 925 933 id
945 888 1061 951 quoque
1082 870 1131 934 oti

122 958 300 1040 confirmem
323 968 377 1021 cet.
424 961 501 1040 quod
525 963 551 1023 si
575 963 641 1040 quis
664 963 696 1020 in
717 959 764 1022 his
790 966 820 1020 et
844 959 990 1021 similibus
1012 967 1130 1042 poetam

122 1048 276 1110 accusabit
297 1048 508 1130 neglegentiae,
530 1051 571 1109 ita
590 1051 618 1110 ei
637 1049 789 1130 assentiar,
811 1054 845 1108 ut
862 1051 1005 1110 maiorem
1026 1048 1128 1128 culpae

123 1144 240 1216 partem
262 1138 293 1196 in
316 1137 467 1198 doctrinae
490 1143 641 1197 auctorem
662 1137 845 1197 transieram.
886 1155 954 1197 nam
975 1140 1046 1216 quin
1065 1138 1128 1216 ipse

123 1224 272 1305 Epicurus
295 1226 326 1285 in
350 1242 385 1286 eo
409 1243 467 1304 quo
490 1225 539 1285 hic
561 1243 634 1285 usus
657 1231 703 1285 est
724 1223 880 1286 Lucretius
903 1224 1003 1285 libello
1021 1243 1070 1286 res
1088 1226 1130 1285 ita

123 1315 279 1374 miscuerit
306 1312 540 1394 turbaveritque‚
572 1330 659 1372 nemo
687 1311 843 1393 dubitabit,
873 1315 924 1391 qui
951 1315 1129 1392 meminerit,

123 1402 197 1482 quid
228 1400 277 1461 ille
308 1402 340 1461 in
372 1400 515 1482 epistadae
547 1400 583 1460 ad
614 1399 722 1461 Herod.
755 1400 837 1460 datae
869 1417 931 1478 par.
957 1396 1001 1462 46
1029 1407 1059 1462 et
1085 1396 1127 1461 47

124 1491 237 1550 lecerit.
284 1488 348 1570 ubi,
374 1495 531 1568 postquam
554 1505 620 1549 esse
644 1488 800 1548 simulacra
823 1487 1047 1568 demonstravit,
1068 1506 1129 1548 non

124 1577 162 1638 ad
186 1578 216 1637 id
238 1580 353 1658 transit,
376 1577 453 1657 quod
477 1578 644 1656 proximum
667 1583 739 1658 erat,
759 1583 793 1637 ut
811 1573 907 1656 qualia
926 1578 985 1636 sint
1008 1575 1128 1636 demon·

124 1673 213 1746 stret,
250 1665 302 1726 sed
339 1664 374 1725 ab
412 1683 445 1726 ea
481 1683 514 1724 re
550 1663 636 1744 longe
674 1653 810 1743 evagatus
845 1682 920 1725 novo
953 1663 1079 1745 capitulo
1112 1683 1128 1724 a

87 1789 94 1800 ·
122 1747 180 1815 καὶ
202 1749 268 1833 μὴν
289 1746 344 1814 καὶ
367 1770 490 1813 exorsus
514 1752 550 1813 de
574 1760 738 1813 atomorum
760 1755 792 1812 iu
809 1753 890 1812 inani
908 1760 1006 1813 motus
1025 1751 1128 1813 celeri·

123 1849 185 1903 tate
212 1841 356 1922 loquitur,
383 1840 420 1900 de
449 1858 506 1918 qua
533 1847 599 1900 ante
627 1842 655 1900 ei
683 1840 840 1901 dicendum
868 1848 944 1922 erat,
973 1847 1002 1901 et
1033 1859 1067 1901 ea
1095 1859 1128 1901 re

124 1929 258 1991 absoluta
280 1929 316 1989 de
341 1927 567 1989 simulacrorum
590 1935 687 1989 motus
711 1928 860 1989 celeritate
884 1928 990 1990 docere
1013 1930 1128 2009 incipit,

122 2017 161 2079 ad
184 2017 215 2077 id
238 2025 443 2096 argumentum
465 2017 656 2077 inscitissime
678 2019 825 2076 transiens
847 2016 894 2076 his
917 2015 1028 2076 verbis:
1051 2015 1128 2097 χρή-

122 2119 223 2188 σιμον
251 2102 291 2184 δὴ
313 2099 368 2166 καὶ
391 2109 489 2167 τοῦτο
512 2111 685 2185 κατασχεῖν
708 2101 745 2166 τὸ
769 2111 940 2184 στοιχεῖον.
985 2095 1049 2166 εἶθ’
1078 2101 1128 2166 ὅτι

122 2192 164 2256 τὰ
187 2191 307 2256 aldeola
329 2200 400 2266 ταῖς
418 2191 613 2271 λεπτότησιν
631 2187 890 2274 ἀνυπερβλήτοις
905 2186 1057 2274 κέχρηται
1076 2237 1128 2252 ...

122 2283 161 2343 cl.
189 2281 259 2342 diss.
287 2281 377 2342 schol.
404 2298 500 2341 meam
526 2278 589 2340 Hal.
618 2276 703 2341 1882
732 2280 776 2339 ed.
804 2299 831 2359 p.
855 2275 884 2340 5.
931 2279 1068 2340 sednon
1097 2282 1128 2340 in
1205 2347 1206 2352 .

123 2369 253 2450 Epicuro
281 2368 365 2448 culpa
393 2374 438 2429 est
464 2371 496 2428 in
522 2367 541 2428 l.
564 2367 600 2426 Vl
626 2386 670 2428 vv.
693 2363 877 2449 570-577,
900 2366 964 2427 ubi:
991 2370 1036 2429 esi
1055 2365 1129 2430 baec

122 2474 315 2537 ...qaoque
342 2451 1127 2536 ait...caasa...‚oenoueebe'...dique...

118 2545 229 2626 fremit
250 2547 321 2606 octe
343 2592 408 2627 ...,
425 2546 499 2624 post
522 2541 622 2606 incita
648 2559 742 2606 ντιννν
763 2541 810 2605 ocis
908 2543 1079 2625 erumpitur
1100 2548 1130 2608 et

203 2631 366 2696 νονιεννναν
387 2679 452 2714 ...,
479 2633 531 2694 ubi
558 2633 609 2693 illo
637 2649 706 2694 cum
735 2633 869 2692 instituta
898 2636 1126 2696 continuationis

122 2723 217 2783 forma
240 2721 431 2800 abrumpitur.

212 2810 270 2871 Sed
297 2809 333 2869 de
360 2809 407 2869 his
429 2809 631 2890 neglegentiae
655 2808 806 2870 cuiusdam
832 2827 848 2869 a
871 2812 1127 2887 grammaticorum

122 2901 280 2961 severitate
308 2896 493 2958 abhorrentis
521 2898 706 2959 documentis
734 2899 805 2958 satis
833 2899 892 2956 iam
917 2899 964 2956 sit.
1010 2898 1046 2957 de
1070 2917 1127 2977 qua

121 2985 308 3068 neglegentia
329 2992 478 3064 utcunque
496 3004 551 3065 pro
574 3003 627 3045 suo
647 2986 771 3066 quisque
790 2986 909 3063 ingenio
928 2984 1070 3046 iudicabit
1083 3019 1126 3028 -

121 3076 261 3156 equidem
276 3075 368 3134 lateor
387 3074 460 3134 mihi
473 3073 623 3134 nonnullis
643 3073 715 3134 locis
733 3072 779 3132 vel
793 3080 905 3152 gratam
924 3090 990 3133 esse
1005 3105 1056 3154 —,
1069 3074 1126 3136 hoc
1237 3115 1238 3120 .

122 3164 243 3243 quidem
269 3180 356 3223 nemo
384 3161 502 3240 negabit
532 3159 652 3222 Lucreti
680 3160 808 3221 editores
836 3178 870 3220 ea
900 3161 998 3221 omnia
1025 3162 1125 3222 videre

120 3260 209 3331 atque
237 3254 269 3312 in
296 3249 478 3311 emendando
506 3252 636 3311 carmine
662 3251 726 3309 eius
749 3251 794 3308 rei
816 3249 961 3308 rationem
983 3250 1125 3310 habentes

120 3348 206 3402 caute
239 3347 269 3400 et
300 3340 513 3417 circumspecte
545 3355 632 3417 agere
660 3336 798 3398 debuisse
830 3337 861 3395 in
894 3340 1125 3399 constructionis

120 3431 200 3490 vitiis
229 3445 303 3508 quae
331 3425 505 3487 videbantur
526 3426 677 3486 tollendis:
704 3424 735 3484 id
759 3423 836 3502 quod
860 3442 912 3485 eos
935 3443 995 3486 non
1018 3426 1125 3486 iecisse
1235 3467 1236 3476 .

120 3520 179 3578 iam
202 3515 336 3577 vidimus.
