2512 3874
591 221 617 276 V
1042 219 1105 285 159

188 384 244 428 000
266 372 365 428 tamen
388 366 566 428 omnimodis
588 375 703 446 poterat
725 367 882 430 concordia
905 369 998 448 gigni,

190 455 242 515 sed
264 454 343 516 bona
364 472 528 533 magnaque
550 473 620 534 pars
644 456 778 517 servabat
799 457 919 517 foedera
942 463 1035 516 caste:
1053 478 1106 519 ross

189 550 240 605 001
262 560 356 622 genus
373 543 535 603 humanum
553 545 613 603 ium
630 550 694 604 tum
711 545 787 604 soret
805 563 892 606 omne
911 551 1105 626 peremptum,

95 637 243 693 1025uec
266 633 413 710 potuisset
434 631 528 692 adhuc
550 631 714 710 perducere
738 632 833 694 saecla
855 651 993 712 propago.

97 736 169 788 1015
232 719 270 779 dt
291 719 388 779 varios
411 717 528 797 linguae
552 721 667 780 sonitus
689 726 795 780 natura
818 719 935 798 suhegIt

188 809 320 888 mittere,
343 815 373 867 et
395 806 507 868 utilitas
531 809 678 886 expressit
699 810 820 869 uomina
842 825 955 889 rerum,

188 914 248 957 000
271 895 327 956 alia
349 894 436 974 longe
459 897 573 956 ratione
596 901 683 975 atque
707 896 770 974 ipsa
793 896 910 957 videtur
1053 918 1106 959 roso

188 983 361 1064 protrahere
384 983 420 1043 ad
443 989 559 1061 gestum
581 1000 691 1062 pueros
714 984 837 1045 infantia
858 984 989 1065 linguae,

97 1080 174 1132 1030
187 1090 255 1132 cum
277 1073 348 1131 lacit
369 1078 403 1131 ut
425 1070 517 1149 digito
540 1089 615 1148 0000
640 1074 699 1132 sint
720 1074 888 1150 praesentia
910 1079 1083 1133 monstrent.

99 1177 170 1228 1020
189 1161 280 1221 sentit
302 1160 382 1219 enim
405 1160 463 1218 rim
487 1160 613 1237 quisque
636 1177 720 1222 suam
743 1160 839 1239 quoad
861 1163 957 1239 possit
978 1161 1067 1222 abuti.

189 1265 300 1309 cornua
321 1254 389 1307 natu
411 1248 495 1325 prius
517 1246 609 1311 vitulo
632 1266 720 1327 quam
743 1248 890 1309 frontibus
913 1256 1026 1330 extent,

189 1336 248 1397 illis
271 1337 364 1396 iratus
387 1337 462 1414 petit
484 1342 573 1414 atque
594 1335 720 1397 infestus
743 1339 868 1416 inurget.
1053 1359 1105 1401 rosa

189 1431 219 1486 at
241 1423 330 1485 catuli
351 1423 562 1502 pantherarum
585 1426 757 1504 scymnique
779 1424 899 1485 leonum

100 1520 174 1573 1035
187 1512 336 1592 unguibus
363 1530 397 1572 ac
423 1510 550 1590 pedibus
577 1513 637 1572 iam
658 1519 723 1573 tum
745 1530 904 1592 morsuque
927 1519 1105 1595 repugnant,

100 1620 169 1671 1025
189 1603 237 1661 vix
260 1603 349 1661 etiam
372 1618 440 1660 cum
463 1606 533 1660 sunt
554 1599 659 1662 dentes
681 1619 853 1680 unguesque
877 1603 976 1661 creati.

189 1689 312 1750 alituum
333 1706 423 1768 porro
447 1705 539 1766 genus
563 1687 618 1749 alis
641 1706 728 1750 omne
750 1689 884 1750 videmus

188 1777 280 1838 fidere
304 1783 334 1838 et
357 1795 374 1837 a
396 1778 496 1856 pinnis
518 1777 679 1838 tremulum
701 1785 803 1857 petere
827 1776 1006 1838 auxiliatum.
1054 1801 1105 1841 roro

188 1865 312 1945 proinde
335 1870 439 1944 putare
463 1863 591 1944 aliquem
613 1873 678 1926 tum
701 1868 819 1926 nomina
842 1865 1029 1926 distribuisse

98 1961 172 2014 1040
188 1952 291 2034 rebus,
313 1959 344 2013 et
366 1952 435 2013 iude
458 1951 593 2013 homines
617 1953 757 2014 didicisse
779 1952 920 2015 vocabula
941 1956 1050 2036 prima,

100 2058 171 2110 1080
190 2041 363 2120 desiperest.
400 2058 469 2100 nam
491 2059 544 2101 eur
565 2040 615 2101 hie
637 2049 740 2119 posset
762 2049 867 2102 cuncta
890 2048 992 2102 notare

188 2129 309 2190 vocibus
332 2129 362 2188 'et
384 2130 481 2188 varios
505 2130 619 2189 sonitus
644 2131 778 2188 emittere
802 2128 933 2209 linguae,

188 2223 322 2296 tempore
345 2217 450 2278 eodem
468 2215 519 2276 alii
532 2216 628 2277 faeere
643 2216 673 2276 id
688 2234 748 2276 000
762 2219 862 2294 001000
875 2214 1039 2295 putentur?
1053 2237 1106 2280 1046

187 2312 341 2384 praeterea
363 2306 390 2366 si
411 2323 472 2365 000
494 2303 544 2364 alii
566 2323 684 2384 000000
706 2303 829 2364 vocibus
851 2306 898 2364 usi

98 2395 268 2454 1045101οο
290 2411 322 2453 se
346 2393 476 2473 fuerant,
499 2392 578 2453 unde
600 2394 689 2453 insita
712 2394 833 2453 notities
856 2399 901 2452 est

100 2498 170 2549 1086
188 2480 325 2541 utilitatis
349 2489 379 2542 et
400 2481 479 2541 unde
503 2481 598 2542 datast
619 2480 688 2541 huic
711 2483 807 2560 prima
829 2487 972 2562 potestas,

189 2570 261 2649 quid
284 2568 374 2630 vellet
396 2570 493 2630 lucere
516 2576 550 2629 ut
572 2571 663 2629 sciret
686 2572 843 2647 animoque
866 2565 1000 2630 videret?

190 2675 296 2736 eogere
319 2659 391 2717 item
413 2657 507 2736 pluris
529 2675 608 2718 unus
630 2659 782 2736 victusque
805 2657 925 2718 domare
1053 2679 1106 2722 000

189 2764 250 2807 000
272 2751 400 2827 poterat,
423 2763 524 2806 rerum
547 2752 581 2806 01
602 2745 773 2824 perdiscere
796 2747 915 2806 nomina
937 2745 1052 2807 vellent

100 2840 174 2894 1050
188 2852 243 2895 000
266 2835 381 2894 ratione
405 2832 512 2894 docere
535 2833 595 2894 ulla
619 2834 803 2911 suadereque
827 2833 938 2914 surdis,

104 2938 174 2988 1040
192 2922 263 3001 quid
287 2924 327 2982 sit
349 2940 423 3001 opus
447 2922 532 3002 lecto,
554 2921 682 2982 facilest:
705 2939 801 2999 neque
824 2923 905 2983 euim
925 2927 1106 3002 paterentur,

187 3028 242 3072 000
265 3012 381 3070 ratione
403 3009 463 3071 ulla
487 3008 544 3070 sibi
567 3010 680 3070 ferrent
702 3010 828 3088 amplius
851 3011 931 3068 auris

187 3100 268 3159 rucis
290 3098 440 3159 inauditos
464 3099 578 3157 sonitus
602 3095 765 3157 obtundere
788 3097 906 3155 frustra.
1054 3118 1107 3161 1055

186 3193 338 3266 postremo
363 3186 433 3265 quid
456 3187 487 3245 in
509 3185 564 3246 hac
587 3183 722 3245 mirabile
745 3190 927 3262 tantoperest
949 3202 995 3264 rc,

102 3280 172 3332 1055
187 3278 212 3335 si
235 3292 330 3354 genus
353 3274 527 3354 humanum,
550 3275 599 3333 cui
622 3289 677 3332 vor
702 3278 731 3331 et
752 3270 853 3350 lingua
875 3273 999 3353 vigeret,

101 3377 167 3429 1045
185 3381 241 3442 pro
265 3364 347 3422 vario
371 3379 461 3423 sensu
484 3362 564 3421 varia
586 3378 636 3420 rcs
659 3377 729 3420 voce
753 3355 885 3419 notavit?

186 3469 254 3512 cum
278 3450 408 3529 pecudes
431 3455 543 3529 mutae,
565 3467 633 3509 cum
656 3448 785 3526 denique
809 3446 903 3507 saecla
927 3449 1056 3509 ferarum

185 3537 341 3600 dissimilis
365 3537 477 3598 soleant
500 3554 587 3597 voces
610 3538 763 3613 variasque
787 3537 879 3616 ciere,
1053 3556 1105 3598 roco
