2500 3882
118 213 159 278 18
613 209 626 263 Ῑ

117 365 171 414 610
189 376 313 437 corpora
336 356 512 420 constabunt
535 375 571 417 ex
594 356 727 436 partibus
749 355 887 435 infinitis3

190 448 298 526 quippe
320 446 373 507 ubi
395 446 533 507 dimidiae
556 447 648 524 partis
671 462 739 523 pars
762 460 881 522 semper
902 441 1023 505 habebit

189 534 341 595 dimidiam
363 540 491 615 partem,
514 551 569 594 nec
592 551 640 593 res
663 532 818 610 praefiniet
840 529 907 590 ulla.

189 641 259 701 ergo
282 640 384 683 rerum
407 624 485 682 inter
508 639 652 681 summam
674 621 884 697 minimamque
908 618 979 697 quid
1002 617 1101 681 escit?

120 716 178 769 620
191 710 233 771 nil
256 713 313 771 erit
335 716 370 770 ut
391 708 513 770 distent:
536 727 604 769 nam
627 710 759 787 quamvis
782 707 914 767 funditus
938 709 1034 768 omnis
1086 723 1131 764 000

120 805 172 855 616
192 817 306 860 summa
329 799 367 858 sit
389 797 517 878 infinita,
539 804 650 877 tamen,
673 797 847 875 parvissima
871 813 944 873 quae
968 803 1052 878 sunt,

191 906 226 948 ex
249 887 373 946 infinitis
397 883 574 946 constabunt
594 883 728 964 partibus
751 902 853 962 aeque.
886 882 892 894 '

191 973 269 1053 quod
292 975 430 1052 quoniam
453 975 528 1034 ratio
551 972 691 1033 reclamat
712 991 782 1032 vera
804 977 950 1050 negatque

191 1062 313 1123 credere
336 1079 424 1141 posse
448 1064 593 1142 animum,
615 1063 710 1122 victus
732 1060 842 1120 fateare
864 1066 1017 1120 necessest

121 1155 179 1208 605
192 1167 258 1210 0000
282 1168 315 1211 00
339 1167 412 1229 qnae
435 1149 525 1210 nullis
548 1151 606 1208 iam
628 1148 760 1228 praedita
782 1146 916 1227 partibus
939 1154 1040 1208 extent
1086 1161 1133 1203 000

121 1245 174 1295 620
192 1244 222 1298 et
244 1240 366 1298 minima
389 1243 526 1299 constent
547 1244 660 1298 natura.
697 1255 771 1315 quae
795 1237 933 1315 quoniam
956 1242 1038 1317 sunt,

192 1325 242 1386 illa
265 1344 381 1406 quoque
405 1344 471 1387 esse
493 1325 550 1386 tibi
572 1325 665 1385 solida
688 1332 775 1403 atquo
799 1331 918 1385 aeterna
941 1323 1102 1386 latendum.

193 1415 320 1493 denique
344 1417 370 1475 si
392 1417 528 1475 minimas
551 1415 583 1473 in
604 1415 697 1493 partis
721 1418 825 1473 cuncta
848 1410 956 1473 resolvi

193 1520 298 1581 cogere
321 1509 494 1563 consuesset
516 1519 616 1562 rerum
639 1507 743 1562 natura
766 1502 910 1580 creatrix,

123 1597 178 1649 630
191 1593 251 1651 iam
273 1590 315 1651 nil
338 1609 374 1650 ex
396 1590 455 1650 illis
479 1589 581 1650 eadem
602 1607 741 1667 reparare
763 1587 873 1650 valeret
1087 1602 1134 1643 600

123 1685 174 1734 606
193 1685 350 1758 propterea
372 1680 454 1758 quia,
477 1695 552 1755 quae
574 1676 664 1737 nullis
688 1683 758 1738 sunt
778 1675 911 1755 partibus
935 1682 1033 1757 aucta,

193 1783 253 1826 non
275 1771 400 1845 possunt
422 1783 456 1825 ea
479 1782 554 1843 quae
577 1763 664 1825 debet
686 1763 823 1842 genitalis
845 1761 953 1824 habere

194 1855 346 1934 materies,
368 1855 465 1914 varios
489 1870 617 1913 conexus
640 1852 771 1931 pondera
793 1851 892 1931 plagas

194 1959 355 2001 concursus
377 1947 488 2021 motus,
510 1958 565 2019 per
587 1958 733 2018 quaeres
756 1957 889 2018 quaeque
912 1945 1064 2017 geruntur.

123 2035 179 2087 635
250 2028 434 2108 Quapropter
457 2031 509 2108 qui
531 2030 685 2088 materiem
707 2046 809 2088 rerum
830 2045 895 2088 0000
918 2033 1061 2107 putarunt
1086 2041 1133 2083 000

122 2125 176 2175 630
194 2119 292 2196 ignem
316 2123 403 2196 atque
426 2135 462 2177 ex
485 2118 547 2196 igni
571 2134 714 2176 summam
737 2117 899 2176 consistere
922 2115 997 2197 solo,

194 2224 299 2285 magno
323 2223 411 2285 opere
435 2224 451 2266 a
473 2223 543 2266 vera
565 2204 640 2284 lapsi
662 2205 776 2265 ratione
798 2204 943 2265 ridentur.

193 2293 358 2355 Heraclitus
381 2295 437 2354 init
459 2311 586 2372 quorum
608 2292 667 2354 dux
689 2291 801 2372 proelia
824 2293 951 2373 primus,

194 2380 290 2444 clarus
312 2379 348 2444 cb
371 2381 527 2443 obscuram
549 2380 680 2460 linguam
702 2382 796 2459 magis
819 2381 897 2441 inter
919 2381 1015 2439 inanis

123 2476 177 2528 640
192 2471 315 2549 quamde
339 2471 435 2548 gravis
458 2472 536 2530 inter
559 2468 676 2550 Graios,
699 2471 750 2547 qui
772 2486 841 2528 vera
862 2469 1033 2546 requirunt:
1087 2482 1133 2523 040

123 2564 175 2615 006
194 2559 293 2617 omnia
316 2559 395 2618 enim
418 2557 518 2618 stolidi
540 2558 633 2636 magis
656 2555 838 2617 admirantur
861 2562 1031 2637 amantque,

193 2647 319 2706 inversis
344 2662 417 2723 quae
441 2644 496 2705 sub
519 2643 616 2704 verbis
639 2644 782 2705 latitantia
804 2652 943 2725 cernunt,

193 2750 320 2810 veraque
343 2734 528 2793 constituunt
550 2750 624 2811 quae
646 2730 723 2792 belle
745 2739 866 2810 tangere
889 2738 1014 2810 possunt

194 2821 273 2882 auris
297 2828 327 2881 et
348 2819 445 2900 lepido
470 2838 544 2900 quae
567 2826 636 2882 sunt
658 2820 754 2881 fucata
777 2837 892 2880 sonore.

123 2916 178 2968 646
237 2908 310 2969 Nam
334 2916 469 2970 curtam
491 2911 588 2969 variae
612 2927 661 2969 000
683 2914 804 2989 possent
827 2926 906 2989 esse,
929 2909 1064 2988 requiro,
1088 2921 1131 2963 ees

122 3005 175 3054 040
193 3016 230 3058 ex
253 3016 312 3059 uno
336 3000 362 3058 si
385 3003 453 3058 sunt
475 2998 537 3075 igni
559 3014 693 3075 puroque
716 2993 853 3057 creatae?

192 3085 235 3146 nil
256 3085 412 3165 prodesset
434 3087 513 3146 enim
536 3083 664 3145 calidum
686 3085 839 3145 denserier
861 3087 960 3164 ignem

192 3191 248 3234 neo
270 3176 415 3255 raoelieri,
438 3176 464 3234 si
487 3179 586 3252 partes
609 3175 686 3252 ignis
710 3172 832 3234 eandem

193 3267 328 3323 naturam
351 3281 437 3342 qnam
460 3268 539 3322 totus
561 3261 650 3322 habet
673 3279 763 3342 super
785 3263 862 3340 ignis
885 3259 1036 3320 haherent.

123 3355 178 3407 650
194 3351 290 3410 acrior
313 3351 398 3411 ardor
421 3352 501 3411 enim
524 3350 677 3410 conductis
700 3349 832 3430 partibus
856 3355 948 3431 esset,
1088 3361 1130 3402 6⁵0

123 3444 174 3494 046
194 3436 358 3515 languidior
379 3455 468 3516 porro
493 3438 625 3498 disiectis
649 3436 756 3516 disque
780 3440 905 3517 supatis:

195 3523 319 3604 amplius
341 3524 396 3585 hoc
419 3526 485 3586 fieri
507 3525 550 3586 nil
573 3533 620 3586 est
643 3524 720 3604 quod
743 3542 830 3603 posse
853 3527 946 3585 rearis

162 3737 248 3838 ,-
