<?xml version="1.0" encoding="UTF-8"?>
<!DOCTYPE html PUBLIC "-//W3C//DTD XHTML 1.0 Transitional//EN"
    "http://www.w3.org/TR/xhtml1/DTD/xhtml1-transitional.dtd">
<html xmlns="http://www.w3.org/1999/xhtml" xml:lang="en" lang="en">
 <head>
  <title>
</title>
<meta http-equiv="Content-Type" content="text/html;charset=utf-8" />
  <meta name='ocr-system' content='tesseract 3.04.00' />
  <meta name='ocr-capabilities' content='ocr_page ocr_carea ocr_par ocr_line ocrx_word'/>
</head>
<body>
  <div class='ocr_page' id='page_1' title='image "./tlucreticarider20carugoog_0230.png"; bbox 0 0 2512 3874; ppageno 0'>
   <div class='ocr_carea' id='block_1_1' title="bbox 611 201 1124 267">
    <p class='ocr_par' dir='ltr' id='par_1_1' title="bbox 611 201 1124 267">
     <span class='ocr_line' id='line_1_1' title="bbox 611 201 1124 267; baseline 0.012 -9"><span class='ocrx_word' id='word_1_1' title='bbox 611 204 637 258; x_wconf 86' lang='lat' dir='ltr'><strong>V</strong></span> <span class='ocrx_word' id='word_1_2' title='bbox 1062 201 1124 267; x_wconf 88' lang='lat'><strong>141</strong></span> 
     </span>
    </p>
   </div>
   <div class='ocr_carea' id='block_1_2' title="bbox 91 350 1131 3601">
    <p class='ocr_par' dir='ltr' id='par_1_2' title="bbox 91 350 1131 3601">
     <span class='ocr_line' id='line_1_2' title="bbox 187 350 1025 431; baseline 0.001 -20"><span class='ocrx_word' id='word_1_3' title='bbox 187 359 217 411; x_wconf 90' lang='lat' dir='ltr'><strong>at</strong></span> <span class='ocrx_word' id='word_1_4' title='bbox 240 368 351 430; x_wconf 89' lang='lat' dir='ltr'><strong>neque,</strong></span> <span class='ocrx_word' id='word_1_5' title='bbox 373 352 418 410; x_wconf 93' lang='lat' dir='ltr'><strong>uti</strong></span> <span class='ocrx_word' id='word_1_6' title='bbox 440 350 542 431; x_wconf 89' lang='lat' dir='ltr'><strong>docui,</strong></span> <span class='ocrx_word' id='word_1_7' title='bbox 565 350 659 411; x_wconf 92' lang='lat' dir='ltr'><strong>solido</strong></span> <span class='ocrx_word' id='word_1_8' title='bbox 683 369 751 412; x_wconf 91' lang='lat' dir='ltr'><strong>cum</strong></span> <span class='ocrx_word' id='word_1_9' title='bbox 774 369 898 430; x_wconf 91' lang='lat' dir='ltr'><strong>corpore</strong></span> <span class='ocrx_word' id='word_1_10' title='bbox 921 353 1025 412; x_wconf 91' lang='lat' dir='ltr'><strong>mundi</strong></span> 
     </span>
     <span class='ocr_line' id='line_1_3' title="bbox 113 438 1127 521; baseline -0.004 -14"><span class='ocrx_word' id='word_1_11' title='bbox 113 456 167 507; x_wconf 82' lang='lat'><strong>355</strong></span> <span class='ocrx_word' id='word_1_12' title='bbox 186 445 335 518; x_wconf 86' lang='lat' dir='ltr'><strong>naturast,</strong></span> <span class='ocrx_word' id='word_1_13' title='bbox 359 441 498 517; x_wconf 88' lang='lat' dir='ltr'><strong>quoniam</strong></span> <span class='ocrx_word' id='word_1_14' title='bbox 521 438 713 500; x_wconf 83' lang='lat' dir='ltr'><strong>admixtumst</strong></span> <span class='ocrx_word' id='word_1_15' title='bbox 735 442 766 500; x_wconf 93' lang='lat' dir='ltr'><strong>in</strong></span> <span class='ocrx_word' id='word_1_16' title='bbox 789 439 879 500; x_wconf 86' lang='lat' dir='ltr'><strong>rebus</strong></span> <span class='ocrx_word' id='word_1_17' title='bbox 901 442 1002 521; x_wconf 90' lang='lat' dir='ltr'><strong>inane,</strong></span> <span class='ocrx_word' id='word_1_18' title='bbox 1087 462 1127 503; x_wconf 77' lang='lat' dir='ltr'><strong>oss</strong></span> 
     </span>
     <span class='ocr_line' id='line_1_4' title="bbox 91 528 1125 609; baseline -0.009 -12"><span class='ocrx_word' id='word_1_19' title='bbox 91 551 94 558; x_wconf 79' lang='grc'>’</span> <span class='ocrx_word' id='word_1_20' title='bbox 112 544 172 596; x_wconf 83' lang='grc'><strong>366</strong></span> <span class='ocrx_word' id='word_1_21' title='bbox 185 545 243 588; x_wconf 90' lang='lat' dir='ltr'><strong>nec</strong></span> <span class='ocrx_word' id='word_1_22' title='bbox 266 533 365 586; x_wconf 82' lang='lat' dir='ltr'><strong>tamen</strong></span> <span class='ocrx_word' id='word_1_23' title='bbox 388 533 435 586; x_wconf 89' lang='lat' dir='ltr'><strong>est</strong></span> <span class='ocrx_word' id='word_1_24' title='bbox 456 533 490 586; x_wconf 91' lang='lat' dir='ltr'><strong>nt</strong></span> <span class='ocrx_word' id='word_1_25' title='bbox 512 528 608 608; x_wconf 91' lang='lat' dir='ltr'><strong>inane,</strong></span> <span class='ocrx_word' id='word_1_26' title='bbox 631 545 728 606; x_wconf 91' lang='lat' dir='ltr'><strong>neque</strong></span> <span class='ocrx_word' id='word_1_27' title='bbox 749 535 848 588; x_wconf 88' lang='lat' dir='ltr'><strong>autem</strong></span> <span class='ocrx_word' id='word_1_28' title='bbox 867 546 990 608; x_wconf 92' lang='lat' dir='ltr'><strong>corpora</strong></span> <span class='ocrx_word' id='word_1_29' title='bbox 1008 529 1125 609; x_wconf 84' lang='lat' dir='ltr'><strong>desunt,</strong></span> 
     </span>
     <span class='ocr_line' id='line_1_5' title="bbox 188 614 823 694; baseline 0 -18"><span class='ocrx_word' id='word_1_30' title='bbox 188 634 225 676; x_wconf 92' lang='lat' dir='ltr'><strong>ex</strong></span> <span class='ocrx_word' id='word_1_31' title='bbox 248 614 363 675; x_wconf 88' lang='lat' dir='ltr'><strong>infinito</strong></span> <span class='ocrx_word' id='word_1_32' title='bbox 388 632 461 693; x_wconf 89' lang='lat' dir='ltr'><strong>quae</strong></span> <span class='ocrx_word' id='word_1_33' title='bbox 484 617 601 694; x_wconf 87' lang='lat' dir='ltr'><strong>possint</strong></span> <span class='ocrx_word' id='word_1_34' title='bbox 624 617 699 676; x_wconf 86' lang='lat' dir='ltr'><strong>sorte</strong></span> <span class='ocrx_word' id='word_1_35' title='bbox 723 623 823 676; x_wconf 89' lang='lat' dir='ltr'><strong>coorta</strong></span> 
     </span>
     <span class='ocr_line' id='line_1_6' title="bbox 103 703 1012 774; baseline 0.001 -10"><span class='ocrx_word' id='word_1_36' title='bbox 103 761 109 774; x_wconf 82' lang='lat'><strong>,</strong></span> <span class='ocrx_word' id='word_1_37' title='bbox 188 720 329 764; x_wconf 87' lang='lat' dir='ltr'><strong>corruere</strong></span> <span class='ocrx_word' id='word_1_38' title='bbox 351 703 427 762; x_wconf 90' lang='lat' dir='ltr'><strong>hanc</strong></span> <span class='ocrx_word' id='word_1_39' title='bbox 450 721 551 763; x_wconf 92' lang='lat' dir='ltr'><strong>rerum</strong></span> <span class='ocrx_word' id='word_1_40' title='bbox 573 703 701 765; x_wconf 84' lang='lat' dir='ltr'><strong>violento</strong></span> <span class='ocrx_word' id='word_1_41' title='bbox 724 703 843 765; x_wconf 88' lang='lat' dir='ltr'><strong>turbine</strong></span> <span class='ocrx_word' id='word_1_42' title='bbox 868 722 1012 765; x_wconf 90' lang='lat' dir='ltr'><strong>summam</strong></span> 
     </span>
     <span class='ocr_line' id='line_1_7' title="bbox 188 791 1007 873; baseline 0.001 -21"><span class='ocrx_word' id='word_1_43' title='bbox 188 798 239 852; x_wconf 93' lang='lat' dir='ltr'><strong>aut</strong></span> <span class='ocrx_word' id='word_1_44' title='bbox 262 791 349 851; x_wconf 90' lang='lat' dir='ltr'><strong>aliam</strong></span> <span class='ocrx_word' id='word_1_45' title='bbox 372 793 505 869; x_wconf 65' lang='lat' dir='ltr'><strong>momnis</strong></span> <span class='ocrx_word' id='word_1_46' title='bbox 528 791 642 852; x_wconf 88' lang='lat' dir='ltr'><strong>cladem</strong></span> <span class='ocrx_word' id='word_1_47' title='bbox 665 794 815 871; x_wconf 82' lang='lat' dir='ltr'><strong>inportare</strong></span> <span class='ocrx_word' id='word_1_48' title='bbox 838 809 893 871; x_wconf 90' lang='lat' dir='ltr'><strong>per</strong></span> <span class='ocrx_word' id='word_1_49' title='bbox 916 795 1007 873; x_wconf 87' lang='lat' dir='ltr'><strong>ictus,</strong></span> 
     </span>
     <span class='ocr_line' id='line_1_8' title="bbox 114 878 1127 960; baseline -0.005 -13"><span class='ocrx_word' id='word_1_50' title='bbox 114 897 168 946; x_wconf 81' lang='lat'><strong>360</strong></span> <span class='ocrx_word' id='word_1_51' title='bbox 187 898 244 940; x_wconf 90' lang='lat' dir='ltr'><strong>nec</strong></span> <span class='ocrx_word' id='word_1_52' title='bbox 267 897 356 958; x_wconf 85' lang='lat' dir='ltr'><strong>porro</strong></span> <span class='ocrx_word' id='word_1_53' title='bbox 380 886 485 939; x_wconf 91' lang='lat' dir='ltr'><strong>natura</strong></span> <span class='ocrx_word' id='word_1_54' title='bbox 506 878 565 940; x_wconf 92' lang='lat' dir='ltr'><strong>loci</strong></span> <span class='ocrx_word' id='word_1_55' title='bbox 588 883 774 960; x_wconf 87' lang='lat' dir='ltr'><strong>spatiumque</strong></span> <span class='ocrx_word' id='word_1_56' title='bbox 795 881 936 960; x_wconf 83' lang='lat' dir='ltr'><strong>profundi</strong></span> <span class='ocrx_word' id='word_1_57' title='bbox 1088 903 1127 944; x_wconf 83' lang='lat' dir='ltr'><strong>ero</strong></span> 
     </span>
     <span class='ocr_line' id='line_1_9' title="bbox 114 968 961 1049; baseline -0.007 -15"><span class='ocrx_word' id='word_1_58' title='bbox 114 983 169 1036; x_wconf 80' lang='lat'><strong>371</strong></span> <span class='ocrx_word' id='word_1_59' title='bbox 188 968 301 1048; x_wconf 80' lang='lat' dir='ltr'><strong>delicit,</strong></span> <span class='ocrx_word' id='word_1_60' title='bbox 326 969 464 1046; x_wconf 79' lang='lat' dir='ltr'><strong>exspargi</strong></span> <span class='ocrx_word' id='word_1_61' title='bbox 486 985 543 1046; x_wconf 93' lang='lat' dir='ltr'><strong>quo</strong></span> <span class='ocrx_word' id='word_1_62' title='bbox 566 971 683 1047; x_wconf 90' lang='lat' dir='ltr'><strong>possint</strong></span> <span class='ocrx_word' id='word_1_63' title='bbox 704 971 822 1029; x_wconf 88' lang='lat' dir='ltr'><strong>moenia</strong></span> <span class='ocrx_word' id='word_1_64' title='bbox 844 969 961 1049; x_wconf 89' lang='lat' dir='ltr'><strong>mundi,</strong></span> 
     </span>
     <span class='ocr_line' id='line_1_10' title="bbox 188 1055 878 1136; baseline 0 -18"><span class='ocrx_word' id='word_1_65' title='bbox 188 1063 239 1118; x_wconf 91' lang='lat' dir='ltr'><strong>aut</strong></span> <span class='ocrx_word' id='word_1_66' title='bbox 262 1055 319 1115; x_wconf 95' lang='lat' dir='ltr'><strong>alia</strong></span> <span class='ocrx_word' id='word_1_67' title='bbox 342 1057 444 1133; x_wconf 90' lang='lat' dir='ltr'><strong>quavis</strong></span> <span class='ocrx_word' id='word_1_68' title='bbox 466 1063 591 1134; x_wconf 88' lang='lat' dir='ltr'><strong>possunt</strong></span> <span class='ocrx_word' id='word_1_69' title='bbox 614 1059 643 1116; x_wconf 87' lang='lat' dir='ltr'><strong>vi</strong></span> <span class='ocrx_word' id='word_1_70' title='bbox 664 1056 749 1136; x_wconf 91' lang='lat' dir='ltr'><strong>pulsa</strong></span> <span class='ocrx_word' id='word_1_71' title='bbox 770 1059 878 1136; x_wconf 91' lang='lat' dir='ltr'><strong>perire.</strong></span> 
     </span>
     <span class='ocr_line' id='line_1_11' title="bbox 188 1142 866 1222; baseline 0 -18"><span class='ocrx_word' id='word_1_72' title='bbox 188 1145 261 1204; x_wconf 91' lang='lat' dir='ltr'><strong>hant</strong></span> <span class='ocrx_word' id='word_1_73' title='bbox 284 1146 375 1221; x_wconf 93' lang='lat' dir='ltr'><strong>igitur</strong></span> <span class='ocrx_word' id='word_1_74' title='bbox 397 1142 450 1203; x_wconf 91' lang='lat' dir='ltr'><strong>leti</strong></span> <span class='ocrx_word' id='word_1_75' title='bbox 472 1144 655 1222; x_wconf 89' lang='lat' dir='ltr'><strong>praeclusast</strong></span> <span class='ocrx_word' id='word_1_76' title='bbox 677 1147 763 1206; x_wconf 92' lang='lat' dir='ltr'><strong>ianua</strong></span> <span class='ocrx_word' id='word_1_77' title='bbox 786 1145 866 1205; x_wconf 88' lang='lat' dir='ltr'><strong>caelo</strong></span> 
     </span>
     <span class='ocr_line' id='line_1_12' title="bbox 189 1231 997 1312; baseline 0 -20"><span class='ocrx_word' id='word_1_78' title='bbox 189 1250 245 1292; x_wconf 90' lang='lat' dir='ltr'><strong>nec</strong></span> <span class='ocrx_word' id='word_1_79' title='bbox 269 1231 325 1290; x_wconf 93' lang='lat' dir='ltr'><strong>soli</strong></span> <span class='ocrx_word' id='word_1_80' title='bbox 346 1238 503 1310; x_wconf 90' lang='lat' dir='ltr'><strong>terraeque</strong></span> <span class='ocrx_word' id='word_1_81' title='bbox 526 1250 623 1310; x_wconf 90' lang='lat' dir='ltr'><strong>neque</strong></span> <span class='ocrx_word' id='word_1_82' title='bbox 647 1232 713 1293; x_wconf 88' lang='lat' dir='ltr'><strong>altis</strong></span> <span class='ocrx_word' id='word_1_83' title='bbox 737 1235 873 1312; x_wconf 90' lang='lat' dir='ltr'><strong>aequoris</strong></span> <span class='ocrx_word' id='word_1_84' title='bbox 895 1233 997 1312; x_wconf 89' lang='lat' dir='ltr'><strong>undis,</strong></span> 
     </span>
     <span class='ocr_line' id='line_1_13' title="bbox 116 1319 1127 1400; baseline -0.007 -12"><span class='ocrx_word' id='word_1_85' title='bbox 116 1336 170 1388; x_wconf 80' lang='lat'><strong>365</strong></span> <span class='ocrx_word' id='word_1_86' title='bbox 189 1319 243 1380; x_wconf 90' lang='lat' dir='ltr'><strong>sed</strong></span> <span class='ocrx_word' id='word_1_87' title='bbox 265 1325 346 1398; x_wconf 91' lang='lat' dir='ltr'><strong>patet</strong></span> <span class='ocrx_word' id='word_1_88' title='bbox 369 1321 490 1379; x_wconf 91' lang='lat' dir='ltr'><strong>immani</strong></span> <span class='ocrx_word' id='word_1_89' title='bbox 514 1327 543 1380; x_wconf 90' lang='lat' dir='ltr'><strong>et</strong></span> <span class='ocrx_word' id='word_1_90' title='bbox 564 1326 647 1380; x_wconf 86' lang='lat' dir='ltr'><strong>vasto</strong></span> <span class='ocrx_word' id='word_1_91' title='bbox 670 1328 818 1400; x_wconf 88' lang='lat' dir='ltr'><strong>respectat</strong></span> <span class='ocrx_word' id='word_1_92' title='bbox 839 1321 929 1381; x_wconf 89' lang='lat' dir='ltr'><strong>hiatu.</strong></span> <span class='ocrx_word' id='word_1_93' title='bbox 1088 1341 1127 1382; x_wconf 82' lang='lat' dir='ltr'><strong>ers</strong></span> 
     </span>
     <span class='ocr_line' id='line_1_14' title="bbox 115 1409 903 1487; baseline 0 -19"><span class='ocrx_word' id='word_1_94' title='bbox 115 1425 174 1477; x_wconf 83' lang='lat'><strong>376</strong></span> <span class='ocrx_word' id='word_1_95' title='bbox 188 1425 281 1487; x_wconf 90' lang='lat' dir='ltr'><strong>quare</strong></span> <span class='ocrx_word' id='word_1_96' title='bbox 305 1409 395 1467; x_wconf 90' lang='lat' dir='ltr'><strong>etiam</strong></span> <span class='ocrx_word' id='word_1_97' title='bbox 416 1409 513 1468; x_wconf 88' lang='lat' dir='ltr'><strong>nativa</strong></span> <span class='ocrx_word' id='word_1_98' title='bbox 534 1415 721 1469; x_wconf 81' lang='lat' dir='ltr'><strong>necessumst</strong></span> <span class='ocrx_word' id='word_1_99' title='bbox 744 1409 903 1470; x_wconf 86' lang='lat' dir='ltr'><strong>confiteare</strong></span> 
     </span>
     <span class='ocr_line' id='line_1_15' title="bbox 189 1494 1125 1576; baseline 0 -20"><span class='ocrx_word' id='word_1_100' title='bbox 189 1497 262 1556; x_wconf 91' lang='lat' dir='ltr'><strong>haec</strong></span> <span class='ocrx_word' id='word_1_101' title='bbox 285 1494 401 1556; x_wconf 88' lang='lat' dir='ltr'><strong>cadem:</strong></span> <span class='ocrx_word' id='word_1_102' title='bbox 424 1513 520 1574; x_wconf 88' lang='lat' dir='ltr'><strong>neque</strong></span> <span class='ocrx_word' id='word_1_103' title='bbox 544 1498 637 1576; x_wconf 88' lang='lat' dir='ltr'><strong>enim,</strong></span> <span class='ocrx_word' id='word_1_104' title='bbox 658 1497 776 1558; x_wconf 90' lang='lat' dir='ltr'><strong>mortali</strong></span> <span class='ocrx_word' id='word_1_105' title='bbox 798 1514 921 1575; x_wconf 90' lang='lat' dir='ltr'><strong>corpore</strong></span> <span class='ocrx_word' id='word_1_106' title='bbox 945 1514 1020 1574; x_wconf 92' lang='lat' dir='ltr'><strong>quae</strong></span> <span class='ocrx_word' id='word_1_107' title='bbox 1045 1503 1125 1576; x_wconf 89' lang='lat' dir='ltr'><strong>sunt,</strong></span> 
     </span>
     <span class='ocr_line' id='line_1_16' title="bbox 190 1584 910 1664; baseline 0 -20"><span class='ocrx_word' id='word_1_108' title='bbox 190 1603 227 1644; x_wconf 88' lang='lat' dir='ltr'><strong>ex</strong></span> <span class='ocrx_word' id='word_1_109' title='bbox 250 1584 365 1644; x_wconf 88' lang='lat' dir='ltr'><strong>infinito</strong></span> <span class='ocrx_word' id='word_1_110' title='bbox 389 1585 447 1642; x_wconf 88' lang='lat' dir='ltr'><strong>iam</strong></span> <span class='ocrx_word' id='word_1_111' title='bbox 470 1589 603 1662; x_wconf 86' lang='lat' dir='ltr'><strong>tempore</strong></span> <span class='ocrx_word' id='word_1_112' title='bbox 627 1584 722 1644; x_wconf 89' lang='lat' dir='ltr'><strong>adhuc</strong></span> <span class='ocrx_word' id='word_1_113' title='bbox 744 1587 910 1664; x_wconf 91' lang='lat' dir='ltr'><strong>potuissent</strong></span> 
     </span>
     <span class='ocr_line' id='line_1_17' title="bbox 189 1665 860 1734; baseline 0.001 -3"><span class='ocrx_word' id='word_1_114' title='bbox 189 1674 319 1732; x_wconf 89' lang='lat' dir='ltr'><strong>inmensi</strong></span> <span class='ocrx_word' id='word_1_115' title='bbox 340 1670 451 1731; x_wconf 82' lang='lat' dir='ltr'><strong>validas</strong></span> <span class='ocrx_word' id='word_1_116' title='bbox 474 1673 539 1732; x_wconf 86' lang='lat' dir='ltr'><strong>aevi</strong></span> <span class='ocrx_word' id='word_1_117' title='bbox 560 1678 751 1733; x_wconf 83' lang='lat' dir='ltr'><strong>contemnere</strong></span> <span class='ocrx_word' id='word_1_118' title='bbox 773 1665 860 1734; x_wconf 78' lang='lat' dir='ltr'><strong>vires.</strong></span> 
     </span>
     <span class='ocr_line' id='line_1_18' title="bbox 117 1759 1128 1839; baseline -0.002 -13"><span class='ocrx_word' id='word_1_119' title='bbox 117 1777 171 1828; x_wconf 75' lang='lat'><strong>370</strong></span> <span class='ocrx_word' id='word_1_120' title='bbox 234 1759 367 1839; x_wconf 86' lang='lat' dir='ltr'><strong>Denique</strong></span> <span class='ocrx_word' id='word_1_121' title='bbox 390 1765 545 1838; x_wconf 87' lang='lat' dir='ltr'><strong>tantopere</strong></span> <span class='ocrx_word' id='word_1_122' title='bbox 567 1763 646 1821; x_wconf 90' lang='lat' dir='ltr'><strong>inter</strong></span> <span class='ocrx_word' id='word_1_123' title='bbox 669 1779 701 1821; x_wconf 91' lang='lat' dir='ltr'><strong>se</strong></span> <span class='ocrx_word' id='word_1_124' title='bbox 725 1779 792 1822; x_wconf 93' lang='lat' dir='ltr'><strong>cnm</strong></span> <span class='ocrx_word' id='word_1_125' title='bbox 814 1763 941 1822; x_wconf 88' lang='lat' dir='ltr'><strong>maxima</strong></span> <span class='ocrx_word' id='word_1_126' title='bbox 964 1760 1068 1821; x_wconf 91' lang='lat' dir='ltr'><strong>mundi</strong></span> <span class='ocrx_word' id='word_1_127' title='bbox 1087 1783 1128 1823; x_wconf 82' lang='lat' dir='ltr'><strong>eoo</strong></span> 
     </span>
     <span class='ocr_line' id='line_1_19' title="bbox 117 1846 1022 1931; baseline -0.01 -13"><span class='ocrx_word' id='word_1_128' title='bbox 117 1866 172 1917; x_wconf 80' lang='grc'><strong>381</strong></span> <span class='ocrx_word' id='word_1_129' title='bbox 190 1855 323 1929; x_wconf 84' lang='lat' dir='ltr'><strong>pugnent</strong></span> <span class='ocrx_word' id='word_1_130' title='bbox 346 1846 491 1929; x_wconf 88' lang='lat' dir='ltr'><strong>membra,</strong></span> <span class='ocrx_word' id='word_1_131' title='bbox 513 1851 563 1928; x_wconf 94' lang='lat' dir='ltr'><strong>pio</strong></span> <span class='ocrx_word' id='word_1_132' title='bbox 587 1867 773 1928; x_wconf 89' lang='lat' dir='ltr'><strong>nequaquam</strong></span> <span class='ocrx_word' id='word_1_133' title='bbox 795 1852 909 1910; x_wconf 89' lang='lat' dir='ltr'><strong>concita</strong></span> <span class='ocrx_word' id='word_1_134' title='bbox 932 1848 1022 1931; x_wconf 90' lang='lat' dir='ltr'><strong>bello,</strong></span> 
     </span>
     <span class='ocr_line' id='line_1_20' title="bbox 189 1935 928 2015; baseline 0.001 -18"><span class='ocrx_word' id='word_1_135' title='bbox 189 1955 288 1997; x_wconf 90' lang='lat' dir='ltr'><strong>nonne</strong></span> <span class='ocrx_word' id='word_1_136' title='bbox 311 1935 393 1996; x_wconf 91' lang='lat' dir='ltr'><strong>vides</strong></span> <span class='ocrx_word' id='word_1_137' title='bbox 416 1936 543 2014; x_wconf 88' lang='lat' dir='ltr'><strong>aliquam</strong></span> <span class='ocrx_word' id='word_1_138' title='bbox 566 1936 646 2015; x_wconf 88' lang='lat' dir='ltr'><strong>longi</strong></span> <span class='ocrx_word' id='word_1_139' title='bbox 669 1940 838 1998; x_wconf 82' lang='lat' dir='ltr'><strong>certaminis</strong></span> <span class='ocrx_word' id='word_1_140' title='bbox 862 1937 928 1998; x_wconf 92' lang='lat' dir='ltr'><strong>ollis</strong></span> 
     </span>
     <span class='ocr_line' id='line_1_21' title="bbox 189 2023 1002 2104; baseline 0.002 -20"><span class='ocrx_word' id='word_1_141' title='bbox 189 2042 279 2104; x_wconf 88' lang='lat' dir='ltr'><strong>posse</strong></span> <span class='ocrx_word' id='word_1_142' title='bbox 302 2023 367 2084; x_wconf 93' lang='lat' dir='ltr'><strong>dari</strong></span> <span class='ocrx_word' id='word_1_143' title='bbox 389 2025 491 2104; x_wconf 89' lang='lat' dir='ltr'><strong>finem,</strong></span> <span class='ocrx_word' id='word_1_144' title='bbox 514 2023 561 2084; x_wconf 87' lang='lat' dir='ltr'><strong>vel</strong></span> <span class='ocrx_word' id='word_1_145' title='bbox 583 2043 651 2085; x_wconf 91' lang='lat' dir='ltr'><strong>cum</strong></span> <span class='ocrx_word' id='word_1_146' title='bbox 674 2025 719 2084; x_wconf 93' lang='lat' dir='ltr'><strong>sol</strong></span> <span class='ocrx_word' id='word_1_147' title='bbox 742 2032 772 2085; x_wconf 86' lang='lat' dir='ltr'><strong>et</strong></span> <span class='ocrx_word' id='word_1_148' title='bbox 793 2043 883 2104; x_wconf 83' lang='lat' dir='ltr'><strong>vapor</strong></span> <span class='ocrx_word' id='word_1_149' title='bbox 906 2028 1002 2086; x_wconf 90' lang='lat' dir='ltr'><strong>omnis</strong></span> 
     </span>
     <span class='ocr_line' id='line_1_22' title="bbox 191 2110 874 2191; baseline 0.001 -19"><span class='ocrx_word' id='word_1_150' title='bbox 191 2111 328 2172; x_wconf 91' lang='lat' dir='ltr'><strong>omnibus</strong></span> <span class='ocrx_word' id='word_1_151' title='bbox 352 2115 447 2191; x_wconf 89' lang='lat' dir='ltr'><strong>epotis</strong></span> <span class='ocrx_word' id='word_1_152' title='bbox 469 2111 623 2172; x_wconf 89' lang='lat' dir='ltr'><strong>umoribus</strong></span> <span class='ocrx_word' id='word_1_153' title='bbox 646 2110 874 2190; x_wconf 86' lang='lat' dir='ltr'><strong>exsuperarint?</strong></span> 
     </span>
     <span class='ocr_line' id='line_1_23' title="bbox 119 2200 1127 2280; baseline -0.003 -15"><span class='ocrx_word' id='word_1_154' title='bbox 119 2217 172 2268; x_wconf 76' lang='lat' dir='ltr'><strong>aaa</strong></span> <span class='ocrx_word' id='word_1_155' title='bbox 192 2200 272 2279; x_wconf 93' lang='lat' dir='ltr'><strong>quod</strong></span> <span class='ocrx_word' id='word_1_156' title='bbox 287 2201 383 2260; x_wconf 88' lang='lat' dir='ltr'><strong>lacere</strong></span> <span class='ocrx_word' id='word_1_157' title='bbox 397 2200 562 2280; x_wconf 78' lang='lat' dir='ltr'><strong>intendrmt,</strong></span> <span class='ocrx_word' id='word_1_158' title='bbox 577 2219 673 2279; x_wconf 88' lang='lat' dir='ltr'><strong>neque</strong></span> <span class='ocrx_word' id='word_1_159' title='bbox 688 2200 783 2261; x_wconf 91' lang='lat' dir='ltr'><strong>adhuc</strong></span> <span class='ocrx_word' id='word_1_160' title='bbox 795 2208 899 2260; x_wconf 88' lang='lat' dir='ltr'><strong>conata</strong></span> <span class='ocrx_word' id='word_1_161' title='bbox 907 2207 1073 2278; x_wconf 88' lang='lat' dir='ltr'><strong>patrantur:</strong></span> <span class='ocrx_word' id='word_1_162' title='bbox 1087 2221 1127 2264; x_wconf 78' lang='lat' dir='ltr'><strong>aas</strong></span> 
     </span>
     <span class='ocr_line' id='line_1_24' title="bbox 119 2287 973 2367; baseline -0.001 -19"><span class='ocrx_word' id='word_1_163' title='bbox 119 2295 307 2357; x_wconf 69' lang='lat' dir='ltr'><strong>auctentum</strong></span> <span class='ocrx_word' id='word_1_164' title='bbox 330 2288 519 2366; x_wconf 90' lang='lat' dir='ltr'><strong>suppeditant</strong></span> <span class='ocrx_word' id='word_1_165' title='bbox 541 2305 643 2348; x_wconf 89' lang='lat' dir='ltr'><strong>amnes</strong></span> <span class='ocrx_word' id='word_1_166' title='bbox 664 2287 800 2367; x_wconf 83' lang='lat' dir='ltr'><strong>ultraque</strong></span> <span class='ocrx_word' id='word_1_167' title='bbox 824 2291 973 2348; x_wconf 91' lang='lat' dir='ltr'><strong>minantur</strong></span> 
     </span>
     <span class='ocr_line' id='line_1_25' title="bbox 192 2374 854 2456; baseline -0.002 -20"><span class='ocrx_word' id='word_1_168' title='bbox 192 2379 291 2437; x_wconf 92' lang='lat' dir='ltr'><strong>omnia</strong></span> <span class='ocrx_word' id='word_1_169' title='bbox 314 2374 456 2436; x_wconf 88' lang='lat' dir='ltr'><strong>diluviare</strong></span> <span class='ocrx_word' id='word_1_170' title='bbox 480 2394 516 2435; x_wconf 89' lang='lat' dir='ltr'><strong>ex</strong></span> <span class='ocrx_word' id='word_1_171' title='bbox 539 2376 597 2436; x_wconf 89' lang='lat' dir='ltr'><strong>alto</strong></span> <span class='ocrx_word' id='word_1_172' title='bbox 620 2379 735 2456; x_wconf 84' lang='lat' dir='ltr'><strong>gurgite</strong></span> <span class='ocrx_word' id='word_1_173' title='bbox 758 2377 854 2456; x_wconf 90' lang='lat' dir='ltr'><strong>ponti,</strong></span> 
     </span>
     <span class='ocr_line' id='line_1_26' title="bbox 191 2465 974 2545; baseline -0.004 -19"><span class='ocrx_word' id='word_1_174' title='bbox 191 2467 384 2545; x_wconf 84' lang='lat' dir='ltr'><strong>nequiquam,</strong></span> <span class='ocrx_word' id='word_1_175' title='bbox 408 2465 546 2542; x_wconf 87' lang='lat' dir='ltr'><strong>quoniam</strong></span> <span class='ocrx_word' id='word_1_176' title='bbox 568 2472 720 2525; x_wconf 82' lang='lat' dir='ltr'><strong>verrentes</strong></span> <span class='ocrx_word' id='word_1_177' title='bbox 744 2481 870 2543; x_wconf 88' lang='lat' dir='ltr'><strong>aequora</strong></span> <span class='ocrx_word' id='word_1_178' title='bbox 893 2465 974 2523; x_wconf 87' lang='lat' dir='ltr'><strong>renti</strong></span> 
     </span>
     <span class='ocr_line' id='line_1_27' title="bbox 192 2551 957 2633; baseline -0.004 -19"><span class='ocrx_word' id='word_1_179' title='bbox 192 2554 368 2614; x_wconf 87' lang='lat' dir='ltr'><strong>deminuunt</strong></span> <span class='ocrx_word' id='word_1_180' title='bbox 390 2551 541 2631; x_wconf 89' lang='lat' dir='ltr'><strong>radiisque</strong></span> <span class='ocrx_word' id='word_1_181' title='bbox 565 2559 702 2613; x_wconf 87' lang='lat' dir='ltr'><strong>retexens</strong></span> <span class='ocrx_word' id='word_1_182' title='bbox 726 2553 875 2613; x_wconf 91' lang='lat' dir='ltr'><strong>aetherius</strong></span> <span class='ocrx_word' id='word_1_183' title='bbox 899 2551 957 2633; x_wconf 92' lang='lat' dir='ltr'><strong>sol,</strong></span> 
     </span>
     <span class='ocr_line' id='line_1_28' title="bbox 121 2641 1129 2720; baseline -0.004 -14"><span class='ocrx_word' id='word_1_184' title='bbox 121 2657 173 2706; x_wconf 81' lang='lat'><strong>380</strong></span> <span class='ocrx_word' id='word_1_185' title='bbox 192 2649 223 2703; x_wconf 90' lang='lat' dir='ltr'><strong>et</strong></span> <span class='ocrx_word' id='word_1_186' title='bbox 246 2644 358 2702; x_wconf 90' lang='lat' dir='ltr'><strong>siccare</strong></span> <span class='ocrx_word' id='word_1_187' title='bbox 381 2644 465 2720; x_wconf 92' lang='lat' dir='ltr'><strong>prius</strong></span> <span class='ocrx_word' id='word_1_188' title='bbox 489 2641 641 2702; x_wconf 90' lang='lat' dir='ltr'><strong>confidunt</strong></span> <span class='ocrx_word' id='word_1_189' title='bbox 664 2644 760 2701; x_wconf 87' lang='lat' dir='ltr'><strong>omnia</strong></span> <span class='ocrx_word' id='word_1_190' title='bbox 783 2658 872 2720; x_wconf 86' lang='lat' dir='ltr'><strong>posse</strong></span> <span class='ocrx_word' id='word_1_191' title='bbox 1089 2663 1129 2703; x_wconf 84' lang='lat' dir='ltr'><strong>ooo</strong></span> 
     </span>
     <span class='ocr_line' id='line_1_29' title="bbox 121 2730 969 2810; baseline -0.008 -13"><span class='ocrx_word' id='word_1_192' title='bbox 121 2746 281 2810; x_wconf 87' lang='lat' dir='ltr'><strong>391quam</strong></span> <span class='ocrx_word' id='word_1_193' title='bbox 304 2730 403 2809; x_wconf 91' lang='lat' dir='ltr'><strong>liquor</strong></span> <span class='ocrx_word' id='word_1_194' title='bbox 425 2732 537 2810; x_wconf 89' lang='lat' dir='ltr'><strong>incepti</strong></span> <span class='ocrx_word' id='word_1_195' title='bbox 559 2732 655 2809; x_wconf 87' lang='lat' dir='ltr'><strong>possit</strong></span> <span class='ocrx_word' id='word_1_196' title='bbox 678 2731 849 2807; x_wconf 86' lang='lat' dir='ltr'><strong>contingere</strong></span> <span class='ocrx_word' id='word_1_197' title='bbox 871 2730 969 2790; x_wconf 86' lang='lat' dir='ltr'><strong>finem.</strong></span> 
     </span>
     <span class='ocr_line' id='line_1_30' title="bbox 191 2816 911 2898; baseline -0.006 -19"><span class='ocrx_word' id='word_1_198' title='bbox 191 2825 307 2879; x_wconf 90' lang='lat' dir='ltr'><strong>tantum</strong></span> <span class='ocrx_word' id='word_1_199' title='bbox 331 2820 477 2896; x_wconf 87' lang='lat' dir='ltr'><strong>spirantes</strong></span> <span class='ocrx_word' id='word_1_200' title='bbox 501 2837 594 2898; x_wconf 88' lang='lat' dir='ltr'><strong>aequo</strong></span> <span class='ocrx_word' id='word_1_201' title='bbox 618 2820 778 2878; x_wconf 87' lang='lat' dir='ltr'><strong>certamine</strong></span> <span class='ocrx_word' id='word_1_202' title='bbox 801 2816 911 2876; x_wconf 91' lang='lat' dir='ltr'><strong>bellum</strong></span> 
     </span>
     <span class='ocr_line' id='line_1_31' title="bbox 191 2904 931 2985; baseline -0.003 -19"><span class='ocrx_word' id='word_1_203' title='bbox 191 2908 307 2985; x_wconf 87' lang='lat' dir='ltr'><strong>magnis</strong></span> <span class='ocrx_word' id='word_1_204' title='bbox 329 2904 411 2966; x_wconf 77' lang='lat' dir='ltr'><strong>inter</strong></span> <span class='ocrx_word' id='word_1_205' title='bbox 431 2921 464 2966; x_wconf 83' lang='lat' dir='ltr'><strong>se</strong></span> <span class='ocrx_word' id='word_1_206' title='bbox 486 2905 522 2965; x_wconf 91' lang='lat' dir='ltr'><strong>de</strong></span> <span class='ocrx_word' id='word_1_207' title='bbox 546 2906 635 2967; x_wconf 91' lang='lat' dir='ltr'><strong>rebus</strong></span> <span class='ocrx_word' id='word_1_208' title='bbox 658 2923 781 2966; x_wconf 91' lang='lat' dir='ltr'><strong>cernere</strong></span> <span class='ocrx_word' id='word_1_209' title='bbox 804 2912 931 2984; x_wconf 86' lang='lat' dir='ltr'><strong>certant,</strong></span> 
     </span>
     <span class='ocr_line' id='line_1_32' title="bbox 193 2993 936 3073; baseline -0.008 -17"><span class='ocrx_word' id='word_1_210' title='bbox 193 3013 262 3056; x_wconf 93' lang='lat' dir='ltr'><strong>cum</strong></span> <span class='ocrx_word' id='word_1_211' title='bbox 285 2993 377 3054; x_wconf 86' lang='lat' dir='ltr'><strong>semel</strong></span> <span class='ocrx_word' id='word_1_212' title='bbox 398 2996 514 3053; x_wconf 91' lang='lat' dir='ltr'><strong>interea</strong></span> <span class='ocrx_word' id='word_1_213' title='bbox 537 2993 626 3053; x_wconf 88' lang='lat' dir='ltr'><strong>luerit</strong></span> <span class='ocrx_word' id='word_1_214' title='bbox 648 2995 836 3073; x_wconf 88' lang='lat' dir='ltr'><strong>superantior</strong></span> <span class='ocrx_word' id='word_1_215' title='bbox 859 2994 936 3070; x_wconf 86' lang='lat' dir='ltr'><strong>ignis</strong></span> 
     </span>
     <span class='ocr_line' id='line_1_33' title="bbox 123 3080 1130 3162; baseline -0.005 -14"><span class='ocrx_word' id='word_1_216' title='bbox 123 3098 175 3148; x_wconf 73' lang='lat' dir='ltr'><strong>aas</strong></span> <span class='ocrx_word' id='word_1_217' title='bbox 195 3090 225 3144; x_wconf 90' lang='lat' dir='ltr'><strong>et</strong></span> <span class='ocrx_word' id='word_1_218' title='bbox 249 3082 354 3162; x_wconf 89' lang='lat' dir='ltr'><strong>semel,</strong></span> <span class='ocrx_word' id='word_1_219' title='bbox 376 3088 410 3142; x_wconf 92' lang='lat' dir='ltr'><strong>ut</strong></span> <span class='ocrx_word' id='word_1_220' title='bbox 432 3081 549 3160; x_wconf 85' lang='lat' dir='ltr'><strong>iamast,</strong></span> <span class='ocrx_word' id='word_1_221' title='bbox 573 3097 658 3140; x_wconf 92' lang='lat' dir='ltr'><strong>umor</strong></span> <span class='ocrx_word' id='word_1_222' title='bbox 681 3083 812 3159; x_wconf 85' lang='lat' dir='ltr'><strong>regnarit</strong></span> <span class='ocrx_word' id='word_1_223' title='bbox 833 3082 865 3140; x_wconf 93' lang='lat' dir='ltr'><strong>in</strong></span> <span class='ocrx_word' id='word_1_224' title='bbox 888 3080 973 3139; x_wconf 90' lang='lat' dir='ltr'><strong>arvis.</strong></span> <span class='ocrx_word' id='word_1_225' title='bbox 1091 3101 1130 3143; x_wconf 82' lang='lat' dir='ltr'><strong>eos</strong></span> 
     </span>
     <span class='ocr_line' id='line_1_34' title="bbox 122 3167 1008 3250; baseline -0.011 -12"><span class='ocrx_word' id='word_1_226' title='bbox 122 3186 177 3238; x_wconf 84' lang='lat'><strong>396</strong></span> <span class='ocrx_word' id='word_1_227' title='bbox 191 3173 270 3250; x_wconf 86' lang='lat' dir='ltr'><strong>ignis</strong></span> <span class='ocrx_word' id='word_1_228' title='bbox 295 3172 374 3230; x_wconf 90' lang='lat' dir='ltr'><strong>euim</strong></span> <span class='ocrx_word' id='word_1_229' title='bbox 398 3170 548 3248; x_wconf 87' lang='lat' dir='ltr'><strong>superavit</strong></span> <span class='ocrx_word' id='word_1_230' title='bbox 570 3174 601 3228; x_wconf 92' lang='lat' dir='ltr'><strong>et</strong></span> <span class='ocrx_word' id='word_1_231' title='bbox 623 3168 729 3229; x_wconf 91' lang='lat' dir='ltr'><strong>ardens</strong></span> <span class='ocrx_word' id='word_1_232' title='bbox 750 3167 843 3228; x_wconf 91' lang='lat' dir='ltr'><strong>multa</strong></span> <span class='ocrx_word' id='word_1_233' title='bbox 864 3167 1008 3247; x_wconf 91' lang='lat' dir='ltr'><strong>perussit,</strong></span> 
     </span>
     <span class='ocr_line' id='line_1_35' title="bbox 192 3256 994 3336; baseline -0.005 -16"><span class='ocrx_word' id='word_1_234' title='bbox 192 3262 256 3320; x_wconf 87' lang='lat' dir='ltr'><strong>avia</strong></span> <span class='ocrx_word' id='word_1_235' title='bbox 279 3277 347 3319; x_wconf 91' lang='lat' dir='ltr'><strong>cum</strong></span> <span class='ocrx_word' id='word_1_236' title='bbox 369 3257 550 3318; x_wconf 89' lang='lat' dir='ltr'><strong>Phaethonta</strong></span> <span class='ocrx_word' id='word_1_237' title='bbox 573 3275 664 3336; x_wconf 86' lang='lat' dir='ltr'><strong>rapax</strong></span> <span class='ocrx_word' id='word_1_238' title='bbox 686 3259 731 3316; x_wconf 87' lang='lat' dir='ltr'><strong>ris</strong></span> <span class='ocrx_word' id='word_1_239' title='bbox 755 3256 826 3316; x_wconf 92' lang='lat' dir='ltr'><strong>solis</strong></span> <span class='ocrx_word' id='word_1_240' title='bbox 849 3273 994 3334; x_wconf 91' lang='lat' dir='ltr'><strong>equorum</strong></span> 
     </span>
     <span class='ocr_line' id='line_1_36' title="bbox 192 3345 933 3426; baseline -0.007 -18"><span class='ocrx_word' id='word_1_241' title='bbox 192 3347 312 3408; x_wconf 84' lang='lat' dir='ltr'><strong>aethere</strong></span> <span class='ocrx_word' id='word_1_242' title='bbox 336 3349 461 3426; x_wconf 88' lang='lat' dir='ltr'><strong>raptavit</strong></span> <span class='ocrx_word' id='word_1_243' title='bbox 483 3352 545 3406; x_wconf 90' lang='lat' dir='ltr'><strong>toto</strong></span> <span class='ocrx_word' id='word_1_244' title='bbox 568 3353 723 3423; x_wconf 90' lang='lat' dir='ltr'><strong>terrasque</strong></span> <span class='ocrx_word' id='word_1_245' title='bbox 746 3363 800 3423; x_wconf 92' lang='lat' dir='ltr'><strong>per</strong></span> <span class='ocrx_word' id='word_1_246' title='bbox 823 3345 933 3404; x_wconf 90' lang='lat' dir='ltr'><strong>omnis:</strong></span> 
     </span>
     <span class='ocr_line' id='line_1_37' title="bbox 192 3434 933 3513; baseline -0.005 -18"><span class='ocrx_word' id='word_1_247' title='bbox 192 3442 222 3495; x_wconf 90' lang='lat' dir='ltr'><strong>at</strong></span> <span class='ocrx_word' id='word_1_248' title='bbox 244 3441 328 3512; x_wconf 87' lang='lat' dir='ltr'><strong>pater</strong></span> <span class='ocrx_word' id='word_1_249' title='bbox 352 3437 539 3513; x_wconf 88' lang='lat' dir='ltr'><strong>omnipotens</strong></span> <span class='ocrx_word' id='word_1_250' title='bbox 562 3435 693 3494; x_wconf 91' lang='lat' dir='ltr'><strong>iratum</strong></span> <span class='ocrx_word' id='word_1_251' title='bbox 716 3434 848 3511; x_wconf 83' lang='lat' dir='ltr'><strong>percitus</strong></span> <span class='ocrx_word' id='word_1_252' title='bbox 871 3434 933 3492; x_wconf 88' lang='lat' dir='ltr'><strong>acri</strong></span> 
     </span>
     <span class='ocr_line' id='line_1_38' title="bbox 122 3519 1131 3601; baseline -0.009 -12"><span class='ocrx_word' id='word_1_253' title='bbox 122 3539 173 3588; x_wconf 76' lang='lat' dir='ltr'><strong>aso</strong></span> <span class='ocrx_word' id='word_1_254' title='bbox 191 3525 412 3601; x_wconf 84' lang='lat' dir='ltr'><strong>magnanimum</strong></span> <span class='ocrx_word' id='word_1_255' title='bbox 434 3521 615 3582; x_wconf 88' lang='lat' dir='ltr'><strong>Phaethonta</strong></span> <span class='ocrx_word' id='word_1_256' title='bbox 637 3523 756 3600; x_wconf 90' lang='lat' dir='ltr'><strong>repenti</strong></span> <span class='ocrx_word' id='word_1_257' title='bbox 777 3519 910 3594; x_wconf 86' lang='lat' dir='ltr'><strong>fulminis</strong></span> <span class='ocrx_word' id='word_1_258' title='bbox 933 3522 996 3580; x_wconf 90' lang='lat' dir='ltr'><strong>ictu</strong></span> <span class='ocrx_word' id='word_1_259' title='bbox 1090 3540 1131 3580; x_wconf 68' lang='lat' dir='ltr'><strong>loo</strong></span> 
     </span>
    </p>
   </div>
   <div class='ocr_carea' id='block_1_3' title="bbox 0 0 1271 3874">
    <p class='ocr_par' dir='ltr' id='par_1_3' title="bbox 0 0 1271 3874">
     <span class='ocr_line' id='line_1_39' title="bbox 0 0 1271 3874; baseline 0 0"><span class='ocrx_word' id='word_1_260' title='bbox 0 0 1271 3874; x_wconf 95' lang='lat' dir='ltr'><strong> </strong></span> 
     </span>
    </p>
   </div>
  </div>
 </body>
</html>
