2500 3882
130 201 172 265 48
614 201 641 254 11

129 357 180 405 550
198 355 342 427 perpetuo
365 367 461 427 neque
485 350 516 408 in
539 355 692 408 aeternum
715 348 841 428 sepelire
865 348 1003 430 salutem,

199 454 254 496 nec
277 453 365 514 porro
389 454 489 497 rerum
513 436 655 514 genitales
679 437 864 515 auctificique

199 531 296 584 motus
319 531 462 603 perpetuo
485 531 611 602 possunt
633 543 751 585 servare
775 532 881 586 creata.

200 614 242 672 sic
266 629 359 691 aequo
383 614 495 690 geritur
518 615 679 673 certamine
702 615 917 693 principiorum

200 719 236 760 ex
259 701 374 760 inlinito
398 706 581 762 contractum
604 707 736 780 tempore
758 700 877 760 bellum.

130 795 181 845 575
200 806 278 848 5555
300 789 349 848 1515
373 806 451 848 nunc
475 787 535 848 illic
559 796 700 868 superant
722 788 820 849 vitalia
842 807 956 868 rerum,

200 883 230 937 ct
252 883 429 955 superantur
452 879 531 937 item.
567 879 710 937 miscetur
732 877 836 937 funere
859 895 961 956 vagor,

201 981 288 1042 quem
310 967 397 1043 pueri
418 964 525 1025 tollunt
547 967 669 1025 visentis
693 965 813 1026 luminis
837 983 916 1046 oras3

200 1069 336 1112 necnon
359 1052 417 1112 ulla
440 1053 518 1112 diem
541 1071 637 1131 neque
660 1060 777 1114 noctem
801 1072 905 1114 aurora
929 1059 1074 1134 secutast,

201 1158 275 1218 quae
297 1158 357 1200 non
380 1140 506 1200 audierit
527 1143 635 1201 mixtos
658 1141 803 1219 vagitibus
827 1144 922 1220 aegris

131 1234 182 1285 530
200 1228 332 1307 ploratus
355 1231 458 1289 mortis
482 1231 604 1288 comites
628 1235 658 1289 et
680 1229 793 1290 luneris
816 1233 881 1290 atri.

243 1315 317 1376 lllud
340 1318 372 1376 in
394 1317 441 1377 his
464 1316 650 1394 obsignatum
674 1336 789 1396 quoque
813 1317 902 1377 rebus
925 1317 1034 1378 hahere

201 1407 337 1464 convenit
360 1410 390 1464 et
412 1407 537 1465 memori
559 1405 727 1465 mandatum
749 1411 848 1465 mente
871 1412 987 1486 tenere,

200 1492 243 1551 nil
266 1511 344 1573 esse,
368 1495 560 1573 inpromptu
583 1511 708 1572 quorum
730 1500 835 1553 natura
857 1493 986 1574 videtur,

202 1580 278 1659 quod
302 1598 410 1658 genere
434 1600 470 1641 ex
493 1599 552 1641 uno
576 1583 717 1641 consistat
738 1583 965 1663 principiorum,

131 1673 182 1722 585
201 1685 256 1728 555
279 1671 436 1746 quicquam
460 1668 536 1747 quod
560 1687 619 1728 non
641 1671 788 1748 permixto
812 1673 924 1730 semine
947 1678 1072 1732 constet.

201 1763 231 1815 et
253 1755 457 1834 quodcumque
480 1758 573 1834 magis
596 1759 641 1816 vis
664 1757 770 1818 multas
793 1757 926 1836 possidet
948 1761 979 1818 in
1003 1778 1035 1820 55

201 1849 287 1922 atque
309 1849 483 1923 potestates,
506 1846 547 1904 ita
569 1844 695 1922 plurima
717 1846 933 1925 principiorum

200 1933 232 1991 in
255 1949 320 1991 sese
343 1949 451 2009 genera
474 1949 507 1990 ac
530 1934 624 1992 varias
648 1932 733 1994 docet
756 1951 821 1993 5555
845 1934 962 2011 figuras,

200 2020 346 2098 principio
368 2017 456 2078 tellus
479 2019 568 2080 hahet
590 2022 621 2080 in
645 2039 676 2081 55
700 2039 824 2101 corpora
845 2023 953 2101 prima,

131 2113 182 2162 550
200 2107 278 2168 unde
302 2126 382 2168 mare
405 2109 572 2168 inmensum
595 2108 745 2169 volventes
768 2109 878 2187 frigora
900 2109 996 2170 fontes

201 2195 321 2256 adsidue
345 2202 498 2276 renovent,
521 2196 608 2256 habet
631 2199 715 2275 ignes
738 2198 816 2258 unde
841 2199 986 2258 oriantur:

199 2302 267 2344 nam
290 2283 390 2345 multis
413 2302 554 2344 succensa
576 2284 650 2345 locis
673 2285 778 2346 ardent
800 2285 862 2345 sola
884 2292 996 2366 terrae,

200 2374 316 2432 eximiis
338 2390 408 2432 vero
432 2372 503 2433 furit
525 2372 642 2450 ignibus
666 2375 793 2452 impetus
816 2374 940 2454 detnae3

199 2466 263 2518 tum
285 2477 374 2538 porro
397 2460 505 2520 nitidas
529 2460 629 2538 fruges
652 2461 828 2541 arbustaque
851 2461 928 2522 laeta

130 2552 181 2602 595
201 2547 337 2624 gentibus
359 2548 495 2608 humanis
518 2548 606 2608 habet
628 2548 706 2610 uude
730 2548 869 2610 extollere
892 2551 999 2631 possit,

199 2635 278 2695 unde
301 2637 389 2694 etiam
412 2636 516 2696 fluvios
539 2636 657 2697 frondes
681 2643 710 2696 et
732 2637 839 2716 pabula
861 2637 935 2698 laeta

199 2725 365 2801 montivago
389 2726 491 2801 generi
513 2726 608 2803 possit
629 2724 772 2804 praebere
796 2725 933 2786 lerarum.

200 2829 290 2890 quare
312 2829 416 2890 magna
439 2812 527 2872 deum
549 2818 643 2872 mater
665 2820 817 2892 materque
841 2815 969 2874 ferarum

200 2907 229 2960 et
252 2901 345 2960 nostri
367 2903 502 2978 genetrix
525 2901 598 2960 haec
621 2901 727 2961 dictast
750 2904 882 2980 corporis
906 2920 972 2962 una.

130 2994 180 3043 600
243 2987 324 3048 Hanc
346 2995 461 3049 veteres
485 2987 605 3048 Graium
628 2989 709 3049 docti
730 2991 866 3049 cecinere
888 2995 992 3069 potitae

200 3162 319 3223 sedibus
343 3167 373 3224 in
397 3183 486 3226 curru
509 3164 625 3243 biiugos
649 3167 759 3243 agitare
783 3164 896 3245 leones,

199 3252 276 3308 aeris
298 3253 330 3311 in
352 3255 446 3331 spatio
469 3271 604 3331 magnam
626 3253 757 3333 pendere
781 3253 920 3314 docentes

200 3335 348 3418 tellurem,
371 3358 467 3418 neque
490 3359 577 3420 posse
600 3343 733 3402 interra
756 3343 862 3402 sistere
885 3348 1002 3402 terram.

200 3422 358 3484 adiunxere
382 3428 472 3508 ieras,
496 3431 564 3507 quia
588 3430 720 3507 quamvis
744 3430 832 3489 ellera
855 3429 953 3508 proles

130 3510 305 3570 5055115115
329 3511 416 3574 debet
438 3516 546 3576 molliri
568 3519 644 3576 victa
666 3524 829 3595 parentum.
