2512 3874
122 249 186 312 120
608 245 647 300 IV

191 401 221 455 et
243 394 424 473 dispargitur
446 393 482 454 ad
504 396 597 473 partis
621 397 662 454 ita
685 412 817 474 quasque
839 396 967 455 minutas
1078 415 1112 456 ooo
1136 472 1138 474 Ι

191 485 332 561 corporis.
369 482 417 542 bis
440 484 531 560 igitur
553 481 643 542 rebus
666 483 699 542 lit
721 485 871 561 utrimque
894 482 1020 563 duabus,

192 588 285 648 oeque
306 568 342 632 t’d
363 577 396 631 ut
419 589 452 630 ac
475 572 557 629 navis
580 569 653 630 velis
675 577 821 648 ventoque
844 571 963 630 feratur.

120 675 171 724 860
190 677 246 718 666
267 665 367 718 tamen
390 657 462 717 illud
486 659 517 717 in
540 658 587 718 his
610 657 699 718 rebus
722 658 857 719 mirabile
880 665 1006 739 constat,

120 746 300 814 eoa-tantula
324 746 401 824 quod
424 752 539 806 tanturn
561 764 669 826 corpus
692 745 867 825 corpuscula
889 754 1014 825 possunt

191 842 387 913 contorquere
411 841 441 894 et
463 853 538 895 onus
560 841 655 894 totum
678 842 849 895 convertere
872 828 1020 896 nostrrim:
1084 857 1119 896 ooo

191 925 301 1002 quippe
324 923 434 982 etenim
455 929 561 982 ventus
586 921 687 983 subtili
710 941 834 1001 corpore
856 925 952 983 tenvis

190 1011 284 1071 trudit
306 1028 395 1088 agens
418 1028 553 1089 magnam
576 1028 681 1089 magno
704 1011 855 1072 molimine
878 1029 994 1091 navem,

121 1113 171 1164 866
191 1106 221 1160 et
243 1116 348 1158 manus
370 1116 429 1158 una
452 1101 529 1177 regit
552 1101 704 1177 quantovis
727 1102 837 1177 impete
860 1106 979 1159 euntem
1097 1173 1099 1180 Ι

119 1194 278 1265 noratque
301 1186 513 1265 gubernaclum
535 1193 710 1266 contorquet
733 1187 865 1266 quolibet
886 1205 991 1266 unum,

190 1275 349 1356 multaque,
371 1293 426 1354 per
446 1273 573 1335 trocleas
596 1283 625 1335 et
647 1282 793 1355 tympana,
815 1274 946 1353 pondere
966 1291 1124 1352 magnoaco

191 1370 355 1424 commovet
377 1369 464 1441 atque
487 1363 546 1423 levi
568 1363 696 1423 sustollit
718 1363 853 1423 machina
875 1365 950 1423 nisu.

120 1468 176 1518 855
236 1451 310 1512 Illud
333 1454 406 1511 item
427 1470 488 1512 non
510 1458 556 1512 est
578 1451 758 1532 mirandum,
782 1453 914 1530 corporis
937 1453 1002 1528 ipsa
1087 1469 1126 1512 666

120 1556 172 1606 870
192 1540 269 1619 quod
292 1547 398 1600 natura
421 1539 519 1600 cibum
543 1542 658 1618 quaerit
681 1541 823 1617 cuiusque
847 1541 1012 1599 animantis.

191 1630 299 1707 quippe
323 1630 433 1688 etenim
457 1628 549 1689 liuere
572 1634 660 1706 atque
683 1627 823 1688 recedere
842 1645 966 1705 corpora
984 1625 1074 1686 rebus
1088 1650 1127 1689 sco

191 1715 282 1776 multa
305 1715 401 1775 modis
423 1714 524 1775 multis
547 1715 648 1796 docui,
672 1715 723 1775 sed
746 1715 873 1794 plurima
896 1713 1005 1775 debent

192 1823 228 1864 ex
251 1802 430 1883 animahbu'3
453 1820 531 1880 qnae
554 1805 622 1880 quia
645 1810 714 1863 sunt
736 1805 865 1864 exercita
886 1810 980 1884 motu,

121 1909 179 1958 860
192 1891 283 1951 multa
306 1909 360 1970 per
383 1907 416 1950 os
439 1889 625 1972 exhalantur,
648 1909 716 1950 cum
738 1890 875 1968 languida
898 1889 1049 1972 anhelant,
1089 1915 1130 1954 666

121 1996 173 2045 876
191 1979 341 2057 multaque
364 1997 418 2058 per
441 1978 580 2039 sudorem
603 1997 639 2039 ex
663 1978 720 2039 alto
742 1997 846 2058 pressa
868 1978 1012 2038 feruntur.
1090 2003 1129 2044 666

191 2069 238 2128 his
261 2069 352 2146 igitur
374 2066 463 2127 rebus
487 2069 612 2127 rarescit
635 2085 742 2146 corpus
768 2074 798 2127 et
820 2069 915 2126 omnis
1090 2091 1130 2132 666

193 2156 347 2218 subruitur
370 2163 487 2236 natura3
510 2154 594 2216 dolor
616 2173 705 2234 quarn
728 2157 920 2234 consequitur
941 2173 1014 2215 rem.

191 2252 348 2325 propterea
372 2247 487 2323 capitur
509 2243 607 2322 cihuS,
629 2251 663 2305 ut
686 2242 833 2303 suffulciat
856 2250 937 2303 artus

120 2348 176 2399 865
192 2341 223 2394 et
245 2340 362 2394 recreet
383 2335 461 2393 vires
485 2332 663 2412 interdatus,
687 2338 772 2409 atque
795 2338 944 2410 patentem

121 2437 173 2487 880
191 2440 246 2500 per
267 2420 400 2481 membra
422 2439 456 2481 66
478 2436 567 2480 venas
590 2427 624 2481 ut
646 2437 776 2480 amorem
799 2425 917 2497 opturet
940 2419 1055 2480 edendi.

191 2526 277 2569 umor
300 2511 371 2569 item
394 2508 521 2568 discedit
543 2511 575 2567 in
598 2509 695 2567 omnia
720 2525 794 2586 quac
816 2506 880 2567 loca
903 2525 1029 2586 cumque
1089 2531 1131 2572 sao

191 2603 318 2677 poscunt
340 2613 487 2676 umorem3
510 2595 727 2674 glomerataque
750 2595 842 2655 multa
862 2597 979 2673 vaporis

192 2702 330 2764 corpora,
353 2702 427 2762 quae
452 2684 602 2746 stomacho
623 2682 766 2763 praebent
788 2683 924 2743 incendia
947 2690 1062 2765 nostro,

121 2789 176 2840 870
191 2772 325 2850 dissupat
348 2772 505 2832 adveniens
528 2772 626 2851 liquor
648 2791 682 2832 ac
704 2773 861 2848 restinguit
882 2777 916 2830 ut
938 2772 1051 2852 ignem,

121 2877 172 2926 886
191 2879 279 2922 urere
302 2879 340 2921 ne
362 2861 457 2939 possit
480 2859 560 2920 calor
583 2858 707 2939 amplius
730 2859 831 2920 aridus
854 2866 943 2919 artus.

192 2952 235 3010 sic
258 2951 350 3028 igitur
373 2948 427 3008 tihi
449 2947 552 3009 anhela
576 2951 641 3010 sitis
665 2948 701 3008 de
724 2966 847 3026 corpore
870 2954 972 3008 nostro
1088 2971 1130 3012 sas

192 3037 334 3119 abluitur,
358 3039 401 3098 sic
425 3036 559 3116 expletur
581 3039 680 3097 ieiuna
703 3035 819 3115 cupido.

236 3125 321 3187 Nunc
340 3126 448 3204 quibus
467 3125 516 3185 ille
535 3125 631 3185 modis
649 3142 769 3185 somnus
783 3142 837 3202 per
850 3122 982 3184 membra
997 3124 1128 3201 quietem

120 3229 177 3280 806
193 3216 302 3291 inriget
324 3221 410 3293 atque
434 3215 526 3274 animi
548 3217 633 3275 curas
658 3232 674 3273 e
696 3220 816 3293 pectore
840 3212 944 3293 solvat,

121 3317 173 3367 800
193 3301 351 3362 suavidicis
374 3305 472 3381 potius
497 3321 584 3381 quam
607 3301 707 3363 multis
730 3299 865 3361 versibus
888 3299 985 3379 edam3

191 3408 299 3470 parvus
321 3397 354 3451 ut
377 3398 422 3451 est
445 3394 530 3470 cycni
549 3390 655 3451 melior
673 3407 771 3469 canor,
793 3388 842 3449 illo
862 3406 968 3468 gruum
986 3406 1128 3467 quamam

192 3478 303 3539 clamor
321 3480 353 3538 in
375 3479 514 3541 aetheriis
537 3481 691 3559 dispersus
713 3477 842 3539 nubibus
868 3478 970 3538 austri.

192 3574 224 3627 tu
247 3565 321 3626 mihi
344 3565 380 3625 da
401 3571 500 3630 tenuis
524 3586 610 3629 aures
634 3569 822 3645 animumque
847 3583 993 3646 sagacem,
