2512 3874
618 219 656 272 Vl
1078 217 1140 284 185

205 368 377 446 concipiunt
399 367 489 426 etiam
511 364 637 426 multum
660 384 776 444 quoque
800 384 887 445 saepe
911 368 1057 426 marinum

204 473 352 535 umorem,
375 453 466 522 veluti
487 453 646 533 pendentia
669 452 777 515 vellera
799 452 883 514 lanae

133 549 188 602 505
205 561 273 604 cum
296 560 404 622 supera
426 559 565 619 magnum
586 559 668 601 mare
691 545 772 602 venti
793 540 894 604 nubila
916 548 1042 619 portant.
1102 562 1140 605 eoa
1183 560 1188 572 ·

205 629 354 691 consimili
376 631 490 689 ratione
513 647 550 690 ex
574 629 711 690 omnibus
734 629 869 690 amnibus
892 648 978 690 umor

131 735 186 786 500
204 717 317 779 tollitur
339 720 371 778 in
393 715 490 778 nubis,
528 736 586 796 quo
609 736 677 778 cum
698 718 773 778 bene
797 720 910 778 semina
933 736 1074 796 aquarum
1172 737 1174 742 ’

204 806 296 867 multa
317 804 414 866 modis
437 804 537 866 multis
561 823 724 866 convenere
747 806 879 885 undique
902 806 1036 887 adaucta,

206 895 354 956 consertae
376 893 472 954 nubes
494 890 604 954 imbute
628 891 782 955 demittere
806 902 920 955 certant

132 990 187 1041 510
205 981 374 1062 dupliciter:
397 999 465 1041 nam
478 975 532 1042 ‘vis
555 984 635 1042 venti
658 982 820 1062 contrudit,
843 989 873 1042 et
896 985 960 1062 ipsa
1101 1005 1140 1045 mo

206 1073 290 1150 copia
312 1069 481 1130 nimborum
502 1069 590 1130 turba
613 1072 724 1131 maiore
748 1076 847 1132 coacta

132 1173 186 1224 505
205 1165 304 1238 urget,
327 1157 364 1218 de
388 1175 496 1237 supero
518 1160 640 1238 premit,
663 1177 697 1218 ac
719 1159 790 1218 lacit
813 1158 934 1219 effluere
957 1157 1070 1220 imbris.

205 1252 357 1326 praeterea
380 1264 448 1306 cum
470 1253 625 1306 rarescunt
648 1265 764 1325 quoqne
787 1246 888 1306 nubila
911 1248 1006 1306 ventis

205 1340 255 1394 aut
278 1332 489 1414 dissolvuntur,
512 1332 584 1394 solis
611 1352 702 1411 super
724 1337 782 1394 icta
805 1329 915 1414 calore,

132 1427 189 1480 515
204 1424 326 1482 mittunt
347 1439 482 1482 umorem
503 1420 648 1503 plurium,
671 1421 852 1502 stillantque,
876 1424 960 1500 quasi
980 1423 1043 1500 igni
1101 1441 1139 1484 55

206 1529 273 1570 cera
297 1527 386 1588 super
409 1509 503 1570 calido
525 1509 681 1571 tabescens
704 1509 795 1570 multa
817 1509 970 1588 liquescat.

132 1614 187 1664 510
206 1597 257 1658 sed
281 1615 400 1658 vemens
423 1597 519 1658 imber
541 1599 587 1678 fit,
609 1596 661 1657 ubi
683 1604 835 1659 vementer
858 1604 982 1676 utraque

192 1684 306 1746 ¹nubila
328 1687 358 1745 vi
381 1685 527 1747 cumulata
548 1692 724 1765 premuntur
747 1692 777 1747 et
799 1688 908 1766 impete
931 1688 1020 1747 venti.

205 1781 293 1852 atque
316 1780 419 1834 tenere
443 1771 494 1834 diu
517 1773 633 1854 pluviae
655 1774 835 1853 longumque
857 1777 968 1835 morari

133 1868 192 1922 520
203 1869 396 1942 consuerunt,
418 1861 584 1923 ubimulta
606 1865 723 1924 cientur
745 1866 857 1924 semina
880 1881 1035 1944 aquarum,
1100 1885 1139 1926 no

205 1957 292 2028 atque
315 1948 380 2009 aliis
403 1948 476 2009 aliae
499 1950 594 2010 nubes
616 1951 768 2030 nimbique
791 1954 921 2030 rigantes

134 2054 186 2103 515
205 2041 328 2117 insuper
351 2043 439 2115 atque
462 2040 543 2098 omni
565 2037 651 2116 vulgo
674 2037 710 2098 de
732 2046 817 2116 parte
839 2039 990 2119 feruntur,

203 2132 342 2204 terraque
366 2144 433 2186 cum
455 2125 572 2186 sumans
594 2143 729 2185 umorem
751 2132 811 2185 tota
834 2124 973 2186 redbalat.

204 2213 254 2274 hic
275 2209 328 2273 'ubi
351 2212 396 2272 sol
417 2213 523 2293 radiis,
545 2218 750 2292 tempestatem
775 2215 854 2274 inter·
877 2231 1011 2294 opacam,

134 2307 188 2359 505
204 2300 326 2361 adversa
348 2300 434 2378 fulgit
456 2300 625 2360 nimborum
648 2302 801 2380 aspargine
826 2308 941 2382 contra,
1099 2310 1138 2367 tra

204 2394 267 2448 tum
291 2387 371 2449 color
394 2390 425 2448 in
448 2391 542 2466 nigris
566 2391 666 2449 existit
687 2387 816 2448 nubibus
840 2391 933 2467 arqui.

133 2494 186 2543 520
250 2475 354 2536 Cetera
381 2494 456 2554 qnae
484 2493 601 2537 sursum
627 2483 764 2537 crescunt
787 2494 963 2555 sursumque
987 2487 1138 2560 creantur,

205 2570 235 2624 et
258 2582 332 2642 quae
355 2570 551 2624 concrescunt
572 2567 604 2624 in
627 2562 770 2646 nubibus,
793 2567 904 2644 omnia,
925 2584 1063 2645 prorsum

205 2654 315 2732 omnia,
337 2654 389 2712 uix
411 2654 492 2712 venti
514 2651 624 2730 grando
648 2651 819 2730 gelidaeque
841 2655 965 2731 pruinae

133 2746 188 2798 530
205 2746 236 2800 et
257 2742 301 2800 vis
325 2757 430 2818 magua
452 2737 522 2820 geli,
544 2758 684 2818 magnum
706 2739 850 2800 duramen
872 2759 1027 2821 aquarum,
1098 2765 1138 2807 eeu

208 2819 216 2908 ll
230 2834 260 2888 et
282 2846 365 2890 mora
387 2847 462 2908 quae
485 2829 590 2890 fluvios
611 2831 722 2909 passim
745 2830 876 2890 refrenat
898 2832 1007 2908 euntis,
1020 2823 1030 2911 ll

131 2935 184 2987 ane
202 2918 372 2999 perfacilest
394 2925 493 2978 15555
514 2916 587 2976 haec
610 2917 743 2994 reperire
766 2917 923 2993 animoque
946 2915 1046 2975 videre

203 3009 301 3068 omnia
323 3023 381 3084 quo
404 3011 488 3084 pacto
512 3003 583 3062 liant
605 3021 662 3081 qua
685 3021 753 3063 reve
777 3010 928 3082 creentur,

203 3113 270 3156 oum
292 3094 368 3154 bene
392 3093 528 3170 cognoris
551 3088 706 3150 elementis
729 3089 843 3150 reddita
867 3108 941 3168 quae
964 3091 1032 3149 sint.
1098 3112 1137 3154 eea

628 3196 644 3234 ’l‘

245 3269 396 3347 Principio
419 3284 500 3327 mare
522 3267 669 3326 mirantur
690 3283 749 3325 non
773 3264 897 3326 reddere
920 3267 1015 3326 maius
1097 3283 1137 3324 eos

202 3364 431 3436 naturamque
455 3356 494 3414 sit
516 3360 615 3414 tantus
639 3353 781 3415 decursus
805 3372 959 3433 aquarum,
1225 3429 1226 3436 ἵ

131 3462 185 3512 530
203 3447 301 3505 omnia
324 3462 382 3522 quo
401 3444 519 3502 veniant
542 3460 579 3502 ex
602 3445 683 3503 omni
705 3442 826 3504 flumina
847 3449 939 3523 parte.
1098 3464 1137 3504 etc
1225 3439 1226 3461 ¹

131 3541 185 3592 011
203 3533 276 3594 addc
299 3551 386 3611 vagos
410 3531 514 3592 imbris
537 3537 786 3611 tempestatesque
809 3531 951 3611 volantes,
