2500 3882
618 223 659 277 111

207 388 295 449 quam
320 371 402 430 tenui
425 375 541 430 constet
563 376 693 450 textura,
717 389 861 449 quamque
885 370 950 431 loco
973 389 1005 432 se

128 474 188 524 210
207 460 357 519 contineat
378 475 481 537 parvo,
505 459 532 518 si
553 460 649 537 possit
670 457 896 539 conglomerari,

208 546 287 626 quod
311 545 399 606 simul
422 551 509 623 atque
532 544 682 606 hominem
704 546 756 607 leti
780 565 883 608 secura
905 549 990 626 quies
1014 555 1060 607 est

208 633 328 713 indepta
351 639 438 712 atque
462 635 553 693 animi
575 641 679 694 natura
702 637 875 713 animaeque
898 637 1035 716 recessit,

206 722 250 783 nil
272 720 315 781 ibi
337 721 460 782 libatum
482 720 519 781 de
541 728 603 782 toto
626 740 749 802 corpore
773 740 877 784 cernas

208 810 244 871 ad
268 811 411 889 speciem,
433 808 475 869 nil
498 809 534 870 ad
556 809 685 888 pondus:
707 828 789 871 mors
812 813 908 871 omnia
930 818 1072 892 praestat,

131 898 326 964 maritalem
348 904 466 976 praeter
489 915 609 958 sensum
632 898 817 977 calidumque
839 917 986 978 vaporem.

209 1004 279 1064 orgo
302 987 429 1046 animam
451 991 543 1046 totam
564 989 717 1064 perparvis
743 1005 809 1047 esse
831 995 984 1048 necessest

210 1073 371 1136 seminibus
394 1091 499 1134 noxam
521 1091 576 1152 per
598 1091 686 1135 renas
709 1077 822 1136 viscera
844 1093 963 1156 nervos,

209 1168 367 1242 quatenus,
390 1163 486 1222 omnis
509 1161 560 1221 ubi
583 1179 598 1221 e
621 1169 683 1222 toto
705 1165 764 1223 iam
787 1181 910 1242 corpore
933 1165 1035 1244 cessit,

209 1253 318 1310 extima
340 1248 542 1310 membrorum
565 1251 676 1310 circum
699 1269 821 1312 caesura
842 1258 941 1312 tamen
964 1269 996 1312 se

133 1353 191 1405 220
209 1337 387 1398 incolumem
410 1343 540 1416 praestat
562 1355 617 1398 nec
640 1337 711 1398 defit
732 1338 872 1417 ponderis
894 1338 995 1398 hilum.

210 1426 287 1506 quod
311 1443 404 1504 genus
427 1432 485 1506 est,
507 1425 615 1485 Bacchi
637 1444 705 1486 cum
727 1427 782 1487 flos
805 1429 935 1507 evanuit,
957 1435 1007 1486 aut
1030 1445 1098 1487 cum

209 1516 332 1593 spiritus
355 1515 499 1592 unguenti
522 1515 619 1574 suavis
642 1513 759 1593 diffugit
779 1517 811 1574 in
832 1532 931 1594 auras,

210 1609 260 1663 aut
282 1601 379 1680 aliquo
403 1619 470 1662 cum
493 1603 552 1662 iam
575 1619 663 1662 sucus
686 1601 722 1663 de
746 1620 869 1681 corpore
892 1604 995 1663 cessit:

209 1690 270 1751 nilo
294 1689 386 1750 oculis
409 1696 508 1750 tamen
531 1707 596 1750 esse
619 1691 717 1750 minor
740 1709 788 1752 res
812 1693 876 1769 ipsa
898 1691 1014 1752 videtur

132 1793 191 1843 225
209 1785 366 1858 propterea
387 1796 484 1856 neque
507 1776 670 1838 detractum
693 1778 729 1838 de
752 1778 881 1858 pondere
905 1781 1076 1858 quicquam,

209 1868 363 1946 nimirum,
387 1868 455 1945 quia
476 1865 567 1926 multa
589 1869 759 1944 minutaque
784 1869 896 1928 semina
919 1885 1006 1928 sucos

210 1955 343 2015 efficiunt
365 1960 395 2013 et
418 1952 538 2014 odorem
561 1955 592 2013 in
615 1961 676 2014 toto
700 1972 823 2033 corpore
845 1972 955 2016 rerum.

211 2060 301 2122 quare
325 2043 413 2102 etiam
437 2047 523 2120 atque
547 2043 636 2102 etiam
657 2045 765 2102 mentis
788 2049 923 2103 naturam
945 2044 1118 2120 animaeque

210 2131 288 2191 'scire
311 2129 381 2189 licet
402 2147 545 2208 perquam
567 2129 703 2207 pauxillis
727 2147 793 2190 esse
817 2136 945 2190 creatam

135 2234 193 2296 230
212 2217 388 2298 seminibus
411 2219 549 2296 quoniam
571 2216 687 2294 fugiens
709 2216 752 2276 nil
774 2216 913 2295 ponderis
937 2217 1040 2278 aufert.

255 2305 316 2366 Nec
338 2312 437 2367 tamen
459 2305 532 2366 haec
556 2304 679 2383 simplex
702 2304 789 2364 nohis
810 2310 915 2365 natura
937 2303 1102 2383 putandast.

211 2395 307 2454 tenvis
330 2395 409 2454 enim
433 2392 575 2472 quaedam
597 2392 790 2454 moribundos
812 2392 923 2453 deserit
945 2411 1015 2452 aura

211 2483 303 2542 mixta
324 2499 444 2562 vapore,
467 2499 557 2559 vapor
578 2498 667 2559 porro
690 2481 780 2542 trahit
802 2485 870 2541 adra
893 2498 1007 2562 secum,

212 2588 268 2630 nec
291 2568 370 2629 calor
392 2576 438 2629 est
454 2569 628 2650 quisquam,
652 2572 700 2630 cui
722 2587 782 2632 non
805 2571 843 2630 sit
865 2571 975 2630 mixtus
998 2576 1028 2630 et
1050 2573 1114 2630 air:

138 2674 194 2724 235
213 2675 279 2719 rara
302 2657 380 2736 quod
403 2659 468 2717 eius
491 2659 570 2717 enim
593 2664 707 2719 constat
729 2665 846 2738 natura,
868 2664 1020 2718 necessest

212 2747 290 2806 aeris
313 2747 391 2805 inter
414 2763 482 2805 eum
504 2746 665 2823 primordia
687 2745 778 2806 multa
800 2748 920 2806 moveri.

213 2835 271 2894 iam
293 2832 402 2912 triplex
424 2834 568 2894 animaest
590 2835 680 2911 igitur
701 2840 805 2894 natura
827 2841 957 2912 reperta:

213 2939 268 2981 nec
290 2927 389 2980 tamen
410 2920 483 2980 haec
504 2928 549 2981 sat
567 2928 636 2981 sunt
654 2920 690 2981 ad
709 2939 829 2982 sensum
848 2928 954 2982 cuncta
972 2919 1144 3001 creandum,

212 3008 255 3069 nil
276 3008 384 3069 horum
408 3010 546 3087 quoniam
567 3011 674 3088 recipit
696 3027 745 3070 res
767 3027 855 3088 posse
879 3026 979 3070 creare

139 3113 195 3162 240
214 3097 374 3157 sensiferos
396 3103 507 3176 motus,
531 3096 672 3174 quaedam
696 3116 752 3177 que
771 3093 794 3176 †
812 3102 910 3158 mente
932 3094 1072 3156 volutant.

214 3191 317 3264 quarta
340 3202 456 3264 quoque
479 3183 526 3244 his
549 3187 640 3263 igitur
663 3185 805 3264 quaedam
828 3191 932 3244 natura
954 3190 1106 3244 necessest

213 3272 410 3333 adtribuatur:
436 3279 499 3332 east
520 3275 641 3334 omnino
664 3274 792 3334 nominis
815 3289 935 3352 expers3

213 3379 271 3438 qua
293 3379 389 3439 neque
412 3359 550 3421 mobilius
574 3363 731 3440 quicquam
753 3378 849 3441 neque
872 3361 989 3420 tenvius
1012 3366 1092 3420 extat

212 3466 268 3509 nec
290 3450 384 3527 magis
406 3467 423 3509 e
444 3450 541 3527 parvis
565 3457 595 3510 et
615 3448 729 3509 levibus
753 3456 798 3509 est
821 3448 987 3529 elementis3

139 3551 195 3603 245
214 3537 374 3597 sensiferos
397 3543 495 3598 motus
519 3555 592 3615 quae
615 3536 690 3597 didit
711 3539 807 3615 prima
829 3555 883 3616 per
906 3543 1001 3597 artus:
