2500 3882
141 213 183 278 80
623 215 663 268 ΠΙ

211 361 424 439 quiquoniam
446 368 633 441 nusquamst,
663 361 817 440 nimirum,
843 367 876 420 ut
903 359 1031 418 diximus
1058 357 1145 435 onte,

211 447 349 509 dilaniata
372 449 449 509 loras
473 449 666 528 dispargitur,
689 450 792 508 interit
814 465 892 525 ergo.

212 538 284 615 0010
307 539 396 598 etiam
420 539 446 596 si
469 539 527 596 iam
550 536 640 597 libeat
662 536 824 614 concedere
846 534 952 596 falsum
1104 545 1146 585 ⁵⁴⁰

211 632 242 685 et
264 625 347 705 dare,
368 641 457 704 posse
479 626 607 684 animam
630 623 787 702 glomerari
809 626 840 684 in
862 640 986 701 corpore
1008 638 1128 700 eorum,

142 711 322 777 uolumina
345 715 397 790 001
420 710 535 772 lincunt
556 712 726 772 moribundi
748 710 957 790 particulatim,

211 799 363 860 mortalem
386 807 485 860 tamen
508 818 574 860 esse
597 801 723 860 animam
745 800 854 859 fateare
877 815 1013 878 necesse,

211 906 266 947 nec
289 886 381 947 relert
402 896 502 949 utrum
524 895 627 966 pereat
649 888 782 966 dispersa
803 905 858 966 per
880 904 966 946 auras

212 992 249 1033 an
272 982 420 1035 contracta
444 979 506 1037 suis
530 995 546 1036 e
569 975 702 1055 partibus
726 974 925 1054 obbrutescat,
1105 983 1145 1024 ⁶4⁵

211 1061 328 1139 quando
346 1062 496 1124 hominem
514 1070 608 1124 totum
626 1065 720 1141 magis
735 1082 769 1123 ac
782 1065 875 1141 magis
888 1061 1020 1139 undique
1035 1077 1145 1120 sensus

142 1165 192 1215 545
211 1149 310 1209 deficit
333 1157 363 1210 et
384 1153 459 1211 vitae
482 1153 581 1211 minus
604 1158 634 1211 51
655 1153 753 1211 minus
776 1151 906 1229 undique
929 1156 1028 1209 restat

255 1235 293 1298 Et
315 1241 455 1316 quoniam
477 1257 561 1299 mens
584 1248 630 1298 est
651 1238 779 1298 bominis
801 1256 870 1317 pars
892 1255 961 1317 una,
982 1236 1047 1296 loco
1068 1253 1144 1314 0055

211 1326 268 1385 lixa
290 1334 389 1387 manet
412 1334 507 1406 certo,
529 1325 609 1386 velut
632 1344 717 1387 aures
739 1334 826 1405 51005
851 1325 929 1386 00011
951 1331 1021 1384 sunt

211 1420 298 1492 atque
326 1413 376 1475 alii
403 1433 508 1475 sensus
532 1416 583 1493 qui
604 1417 693 1474 vitam
716 1432 841 1493 cumque
864 1413 1028 1492 girbermm
1046 1443 1090 1454 —
1106 1422 1148 1465 550

213 1508 243 1561 51
264 1501 356 1562 veluti
378 1521 483 1563 manus
505 1509 593 1581 atque
617 1501 718 1562 oculus
741 1519 863 1562 naresve
887 1517 1021 1561 seorsum

142 1601 193 1652 550
212 1596 325 1650 5555515
347 1589 383 1649 ab
406 1589 492 1650 nobis
515 1597 666 1668 nequeunt
688 1591 797 1650 sentire
819 1607 915 1668 05005
939 1606 1020 1669 5555,

212 1674 264 1735 551
286 1682 383 1735 tamen
406 1679 438 1735 in
460 1695 550 1756 parvo
573 1675 703 1738 licuntur
724 1684 857 1755 tempore
880 1675 960 1756 tabe,

212 1764 255 1821 sic
277 1764 394 1822 animus
411 1781 470 1841 per
493 1783 525 1824 se
549 1782 608 1824 non
630 1766 695 1842 quit
718 1767 781 1824 sine
805 1781 926 1843 corpore
951 1771 981 1824 et
1004 1765 1071 1842 ipso

212 1867 277 1909 esse
300 1849 433 1930 bomine,
455 1850 534 1911 illius
558 1853 643 1930 quasi
665 1852 743 1930 quod
765 1870 815 1912 vas
838 1869 903 1912 esse
926 1851 1056 1931 videtur,
1105 1862 1149 1904 555

213 1938 274 1996 sive
297 1937 376 1998 aliud
399 1939 470 2016 quid
492 1941 537 1999 vis
559 1941 659 2017 potius
681 1941 866 2000 coniunctius
890 1941 918 1999 ei

142 2039 192 2090 555
211 2025 336 2102 fingere:
359 2026 596 2105 quandoquidem
619 2045 734 2088 conexu
756 2044 864 2106 corpus
887 2026 1034 2086 adhaeret.

255 2111 387 2191 Denique
411 2117 544 2193 corporis
566 2122 653 2193 atque
676 2117 767 2174 animi
788 2117 882 2174 vivata
904 2120 1036 2192 potestas

210 2201 289 2260 inter
312 2219 344 2260 55
367 2204 522 2262 coniuncta
545 2201 641 2262 valent
663 2205 779 2280 vitaque
803 2202 953 2261 fruuntur:

211 2306 266 2348 nec
289 2290 353 2348 sine
377 2307 499 2368 corpore
523 2291 601 2350 enim
624 2288 720 2349 vitalis
742 2289 830 2349 edere
853 2295 950 2348 motus
1105 2300 1148 2341 555

212 2375 273 2436 5015
295 2383 393 2455 potest
415 2379 506 2436 animi
527 2396 582 2456 per
605 2395 636 2437 se
659 2384 763 2437 051055
785 2394 841 2435 050
864 2382 961 2435 autem

142 2479 193 2528 550
212 2481 328 2523 cassum
351 2466 447 2525 anima
470 2483 578 2543 corpus
601 2464 707 2525 durare
730 2471 760 2524 et
782 2462 918 2524 sensibus
942 2463 995 2523 uti.

212 2550 338 2630 scilicet,
361 2550 476 2612 avolsus
499 2551 648 2612 radicibus
670 2559 703 2612 ut
725 2553 828 2629 nequit
849 2549 938 2611 ullam

212 2637 358 2717 dispicere
381 2640 444 2716 ipse
468 2639 569 2699 oculus
592 2657 656 2699 rem
680 2657 813 2699 seorsum
836 2654 959 2716 corpore
982 2644 1059 2717 toto,

211 2726 254 2784 sic
277 2727 374 2784 anima
397 2733 483 2804 atque
506 2729 622 2787 animus
643 2745 697 2806 per
720 2745 752 2786 se
775 2725 818 2786 nil
838 2743 926 2804 posse
951 2725 1077 2785 videtur.
1105 2736 1147 2779 555

210 2815 363 2893 nimirum,
387 2816 455 2892 quia
471 2832 531 2893 per
552 2832 640 2875 venas
666 2822 696 2874 et
718 2816 831 2874 viscera
852 2814 983 2893 mixtim,

140 2917 191 2966 505
209 2919 264 2980 per
285 2918 392 2961 nervos
415 2909 502 2980 atque
526 2920 605 2983 ossa,
627 2909 767 2963 tenentur
789 2918 911 2979 corpore
935 2900 971 2960 ab
995 2902 1078 2960 omni

209 3007 265 3049 nec
287 2990 401 3067 magnis
423 2988 584 3049 intervallis
606 2989 767 3068 primordia
789 2994 914 3066 possunt

209 3076 301 3137 libera
325 3075 495 3157 dissultare,
517 3077 584 3137 ideo
607 3077 745 3137 conclusa
766 3082 921 3135 moventur

210 3165 371 3225 sensiferos
394 3172 504 3245 motus,
527 3183 601 3244 quos
624 3172 707 3225 extra
729 3181 836 3242 corpus
859 3165 890 3222 in
913 3179 1000 3221 auras
1106 3174 1148 3216 oro

209 3253 287 3310 aeris
309 3251 380 3312 haut
402 3259 526 3331 possunt
548 3259 616 3332 post
637 3259 763 3312 mortem
786 3252 878 3310 eiecta
900 3250 1014 3308 moveri

139 3352 190 3400 570
209 3345 347 3416 proptera
370 3343 439 3418 0015
461 3359 521 3401 000
544 3340 634 3400 simili
657 3341 771 3400 ratione
793 3343 944 3397 tenentur:

210 3441 317 3502 corpus
340 3430 420 3487 enim
443 3437 530 3508 atque
553 3430 687 3488 animans
710 3428 853 3503 5511555,
875 3425 902 3482 51
925 3422 1067 3483 cohibere

209 3512 239 3568 in
263 3528 295 3569 se
318 3516 444 3574 animam
467 3523 553 3594 atque
576 3518 608 3575 in
631 3532 682 3574 eos
705 3513 814 3592 poterit
836 3508 1013 3570 concludere
1037 3518 1149 3592 motus,
