2496 3876
113 215 164 271 XII
471 213 752 269 PROLEGOMENA.

112 361 285 441 corpuscula
308 363 334 420 si
358 363 556 440 convenerint,
577 359 647 440 fieri
665 376 850 439 mapparum
867 375 971 419 rerum
988 356 1118 419 exordia

111 467 225 528 saepe.
267 450 333 528 quis
356 449 457 510 credet
474 447 692 509 Lachmannum
710 466 764 526 pro
782 463 871 524 saepe
887 463 1004 524 semper
1022 449 1118 525 scrip·

111 546 212 598 turum
233 538 335 617 luisse,
359 539 385 596 si
408 555 443 596 ex
467 555 511 614 ep.
536 535 570 596 ad
593 536 721 616 Pythocl.
746 535 801 596 dat.
821 553 881 612 par.
897 531 938 596 89
963 534 1118 594 didicisset

111 626 202 686 multe
239 624 384 685 eiusmodi
419 625 596 684 mundorum
632 624 752 684 exordia
787 624 922 701 interire,
959 629 1117 700 antequam

111 709 346 792 perficerentur?
386 730 439 771 cur
462 711 588 789 denique
611 714 726 790 negavit
739 711 757 772 1.
771 711 807 770 Vl
821 730 845 770 v.
860 706 924 771 446
943 709 1115 770 Lucretium

112 803 210 861 dicere
225 802 357 879 potuisse
372 801 521 878 asperiora
534 801 679 878 principia
692 796 930 878 3319333333
943 815 1117 876 comprensa

110 889 205 949 nubes
224 889 351 967 efficere,
373 889 432 947 nisi
450 889 607 967 ignoraret,
630 905 705 965 quae
723 893 802 947 esset
820 886 896 965 apud
914 886 1117 946 Democritum

114 984 144 1036 et
172 994 223 1035 eos
246 977 297 1053 qui
320 994 336 1035 a
358 975 524 1034 Democrito
546 975 672 1054 proiecti
694 981 795 1035 essent
816 979 872 1053 τῆς
893 971 975 1034 κατὰ
998 971 1117 1055 μικρὸν

111 1060 283 1136 συνάψεως
305 1065 350 1122 113
372 1069 401 1122 et
425 1059 521 1122 ratio?
565 1062 601 1122 de
626 1081 681 1140 qua
704 1081 736 1122 re
760 1062 825 1121 vide
845 1062 991 1139 Theopbr.
1011 1061 1115 1138 fragm.

111 1152 147 1210 de
167 1149 273 1210 sensib.
292 1169 353 1229 par.
369 1147 410 1210 93
430 1143 531 1233 (111313.
551 1149 670 1228 doxogr.
689 1170 715 1229 p.
731 1146 838 1230 521‚7
859 1156 889 1209 et
908 1148 997 1209 libell.
1015 1167 1117 1210 meum

111 1238 246 1298 scholast.
275 1237 336 1297 Hal.
358 1233 445 1299 1884
471 1237 514 1296 ed.
538 1257 565 1316 p.
588 1232 651 1320 11).
674 1237 878 1298 Lachmannus
907 1243 987 1298 certe
1010 1243 1041 1297 et
1064 1240 1118 1315 qui

112 1329 140 1386 ei
153 1327 277 1386 credunt
290 1320 409 1405 expeto
422 1343 599 1403 comprenso
611 1325 713 1388 moris
727 1327 882 1404 scripsisse
896 1331 1012 1404 poetam
1022 1325 1118 1385 nubes

112 1414 241 1493 lapidum
264 1415 394 1492 lerrique
418 1413 529 1474 similes
548 1414 666 1474 iaciunt.
682 1414 784 1473 —his
803 1413 945 1491 exemplis
963 1420 998 1472 ut
1014 1415 1117 1491 paucis

111 1535 153 1544 —
181 1521 249 1562 uam
276 1501 352 1579 elegi
374 1534 416 1544 —-
439 1503 480 1561 ita
504 1503 585 1581 satis,
608 1503 721 1580 opinor,
744 1500 902 1561 luculentis
924 1519 972 1560 me
995 1500 1117 1560 demon·

113 1598 222 1650 strasse
255 1607 356 1668 spero,
388 1597 512 1667 quantae
544 1591 576 1647 in
607 1587 745 1648 Lucretio
777 1588 823 1648 vel
855 1588 1037 1648 emendando
1070 1588 1117 1649 vel

112 1676 283 1755 explicando
310 1682 409 1754 partes
437 1682 537 1736 essent
562 1693 678 1751 13113113,
713 1695 837 1754 quarum
863 1683 986 1756 propter
1014 1679 1118 1736 inven-

111 1767 223 1824 tionem
246 1763 390 1842 Epicurus
415 1766 476 1823 suis
499 1763 548 1823 dei
571 1767 664 1824 instar
687 1765 750 1824 luit.

201 1851 258 1911 Sed
286 1870 323 1911 ne
351 1853 382 1911 in
410 1854 452 1910 eis
480 1851 611 1932 quidem,
640 1870 713 1930 quae
739 1851 829 1912 rebus
852 1853 923 1911 satis
946 1851 1116 1930 patentibus

112 1947 162 2000 aut
194 1957 229 2000 ex
262 1940 473 1999 sententiarum
505 1942 618 1999 ratione
646 1946 676 2000 et
703 1958 817 2000 conexu
844 1946 893 1999 aut
922 1957 958 1998 ex
985 1942 1118 1999 universi

113 2030 259 2087 sermonis
274 2026 358 2087 latini
371 2033 475 2086 natura
487 2035 516 2086 et
525 2027 622 2086 indole
633 2033 683 2087 aut
693 2047 728 2088 ex
739 2027 913 2087 elocutionis
924 2025 1116 2088 Lucretianae

111 2115 342 2194 proprietatibus
356 2114 511 2175 iudicanda
525 2122 617 2196 erant,
635 2134 695 2175 non
709 2122 739 2175 et
752 2114 954 2175 Lachmannus
969 2121 999 2174 et
1013 2133 1116 2175 omnes

112 2207 279 2282 quicunque
297 2210 366 2282 post
378 2201 596 2263 Lachmannum
616 2205 647 2263 in
666 2221 701 2263 eo
720 2220 822 2282 campo
842 2205 868 2262 si
882 2202 952 2281 quid
967 2210 1117 2281 praestare

111 2310 265 2370 possemus
289 2293 403 2370 experti
426 2309 541 2372 sumus,
569 2293 740 2370 saepissime
764 2292 932 2351 erravimus.
978 2290 1056 2370 quod
1080 2291 1118 2351 de

111 2398 159 2439 me
183 2379 301 2456 quidem
324 2378 519 2439 libentissime
538 2379 641 2439 lateor.
677 2398 745 2439 nam
765 2381 791 2438 si
808 2377 874 2456 plus
894 2384 1006 2457 septem
1025 2378 1118 2438 lustra

111 2469 143 2526 in
178 2466 225 2525 his
257 2466 363 2525 studiis
395 2474 528 2525 versatus
559 2484 619 2526 non
651 2465 755 2546 multa,
791 2485 865 2544 quae
898 2465 969 2526 olim
1001 2469 1116 2544 excogi-

111 2562 233 2633 tassem,
269 2571 348 2612 nunc
380 2552 566 2633 abiecissem,
602 2571 649 2613 me
681 2553 756 2613 nihil
789 2553 927 2614 didicisse
959 2555 1117 2615 dicendum

112 2647 183 2701 erat.
224 2659 262 2700 ne
285 2642 377 2718 igitur
399 2642 465 2718 quis
489 2643 628 2720 miretur,
655 2643 681 2700 si
703 2659 762 2701 non
784 2659 945 2720 paucarum
968 2645 1117 2703 coniectu-

112 2747 211 2789 rarum
245 2747 262 2788 a
292 2744 340 2787 me
372 2735 439 2789 ante
471 2727 580 2788 multos
613 2746 705 2788 anuos
736 2731 922 2790 inventarum
955 2729 1003 2790 hio
1035 2747 1117 2790 men-

111 2819 222 2877 tionem
254 2818 385 2876 inveniet
416 2815 534 2876 nullam.
589 2834 625 2876 ex
658 2816 764 2894 quibus
796 2817 867 2878 alias
898 2816 1007 2897 abieci,
1039 2817 1118 2896 quod

113 2907 155 2964 eis
197 2904 269 2965 locis
310 2906 341 2963 in
382 2906 559 2982 optimorum
594 2903 737 2965 librorum
775 2906 832 2965 lide
869 2905 1117 2984 acquiescendum

112 2992 159 3051 die
175 2992 253 3053 diem
267 2993 390 3052 docente
404 2991 617 3072 intellexeram,
632 2992 711 3073 alias,
726 2992 804 3071 quod
820 2991 855 3052 ab
866 2992 932 3052 aliis
941 2995 1013 3053 viris
1023 2993 1118 3054 doctis

111 3078 234 3139 meliora
257 3087 373 3159 reperta
396 3079 539 3160 videbam,
563 3079 634 3140 alias
657 3080 794 3161 denique,
818 3081 895 3159 quod
915 3083 978 3160 ipse
997 3083 1118 3141 interim

113 3169 225 3246 aptiora
257 3167 293 3227 ad
325 3186 359 3228 33
391 3185 465 3246 quae
499 3175 637 3246 corrupta
669 3175 753 3229 erant
786 3169 913 3229 sananda
940 3171 1118 3229 inveneram.

111 3273 208 3332 neque
235 3257 327 3332 magis
351 3255 381 3315 id
404 3257 542 3333 cuiquam
565 3255 752 3316 admirationi
775 3259 845 3337 erit,
872 3257 951 3335 quod
973 3257 1065 3318 multa
1087 3260 1119 3317 in

112 3342 262 3404 codicibus
281 3342 396 3424 tradita,
420 3362 493 3422 quae
513 3343 583 3403 olim
602 3349 685 3404 recte
705 3363 737 3404 se
755 3343 864 3405 habere
883 3344 928 3404 vel
948 3353 1028 3406 certe
1047 3345 1120 3405 lerri

111 3449 198 3510 posse
221 3437 363 3510 putaram,
386 3449 464 3492 nuno
488 3431 561 3491 ierri
583 3449 675 3510 posse
698 3450 785 3510 nego:
808 3432 886 3492 unde
905 3434 938 3493 lit
961 3440 1001 3514 ut,
1025 3432 1120 3493 sicubi

111 3519 275 3579 emendatio
299 3517 382 3578 nulla
405 3526 505 3598 parata
529 3526 587 3601 est,
611 3523 708 3580 crucis
732 3522 847 3598 signum
871 3522 1052 3598 appingatur.
