2496 3876
489 278 769 335 Puouueouuuu.
1071 280 1133 333 um
1219 243 1221 330 i

124 423 245 484 Lucret.
271 420 356 485 1879
379 442 407 503 p.
427 420 499 485 196.
535 425 641 504 prohat
663 426 773 486 Giuss.:
799 424 847 487 nis
868 423 967 488 morbi
989 426 1047 498 00.
1070 424 1131 488 Lm.
1221 439 1223 510 'p

125 512 159 572 B.
179 511 231 572 Mu.
250 509 313 573 nist
332 509 431 572 nonin'
524 510 628 575 inrbui
648 531 742 593 upens
763 504 874 575 uninci
898 531 1032 593 munus,
1055 515 1133 594 quod
1222 525 1223 534 ¹

126 607 158 660 et
191 618 207 660 a
233 607 328 659 metro
361 607 391 660 et
422 618 437 659 a
466 604 611 662 sententia
642 602 768 684 laborat,
803 603 909 682 Tohte,
941 621 1006 662 ann.
1033 601 1132 681 phIlol.
1223 590 1224 612 ¹

126 684 232 747 LXVII
258 685 329 749 123.
372 685 475 750 turbat
499 706 593 769 upens
615 683 757 751 animun
778 707 926 769 spumans
948 688 984 751 in
1006 689 1064 761 00.
1087 689 1134 752 nis

126 772 228 838 munbi
316 772 429 850 Inueni,
453 794 546 855 upens
573 775 714 838 unienun
739 781 874 857 spumat,
897 776 989 856 qnun’
1013 775 1049 838 in
1071 777 1133 838 Lm.

127 864 183 924 ΜΓ.
215 896 259 907 -
290 860 355 926 529
387 862 537 926 seindiinr
568 867 659 943 eique·
687 865 812 927 uninue
842 865 988 945 qnoniam
1019 868 1135 927 nuinu

128 952 209 1012 Junt.
227 951 341 1014 Marull.
360 952 426 1030 Brg.
444 953 543 1031 philol.
563 953 665 1015 XXVII
682 953 725 1017 48
746 973 801 1033 sq.:
824 956 914 1033 uiqne
935 953 1041 1016 anieno
1062 952 1136 1016 nnec

127 1037 277 1118 qneninn
300 1039 358 1111 00.
385 1057 480 1119 neque
506 1040 581 1104 adeo
606 1039 681 1104 naec
702 1042 764 1102 Lm.
792 1059 884 1121 neque
912 1041 1037 1104 uninue
1062 1040 1136 1104 naec

128 1128 160 1188 B.
188 1125 270 1206 iique
301 1126 425 1190 animae
456 1125 512 1190 hoe
543 1123 587 1214 (7)
620 1130 672 1191 Mr.
700 1148 793 1209 aeque
819 1129 944 1193 animae
968 1129 1019 1192 iu'e
1041 1124 1133 1214 (hen)

128 1213 202 1277 Poll.
226 1215 325 1295 phiIol.
348 1216 437 1276 XXVI
461 1214 535 1278 334.
561 1251 599 1260 -
624 1214 690 1280 530
716 1218 837 1280 sincera
859 1217 973 1299 existi,
996 1219 1074 1299 quod
1102 1226 1135 1279 ut

128 1322 202 1364 num
231 1304 304 1365 ferri
325 1312 427 1383 posset
450 1304 520 1364 olim
544 1304 688 1385 dubitavi,
711 1307 746 1367 ci.
769 1306 868 1386 philol.
891 1306 993 1366 XXVII
1015 1306 1072 1388 49,
1094 1310 1135 1367 iia

129 1410 169 1452 ne
196 1410 276 1452 nune
304 1393 422 1471 quidem
450 1392 633 1453 confidenter
661 1394 766 1454 ser1b0.
794 1427 836 1438 -
864 1390 1047 1456 546-549
1071 1413 1134 1472 sqq.

129 1481 160 1542 ei
176 1478 323 1557 qnoniam
338 1525 347 1542 .
362 1526 369 1541 .
385 1526 392 1541 .
411 1483 441 1543 ei
456 1476 548 1543 veluti
654 1481 690 1542 de
708 1481 880 1543 anacolutho
899 1483 934 1542 ci.
953 1501 981 1562 p.
1000 1480 1066 1540 XXI
1083 1514 1134 1540 —.

130 1565 195 1630 548
220 1573 340 1647 utque
358 1568 416 1639 00.
433 1568 530 1630 ka.
548 1568 615 1630 Mn:
638 1571 695 1630 unt
709 1568 771 1630 Lm.
789 1570 820 1631 Β.
842 1604 880 1612 -
900 1567 963 1632 551
987 1566 1024 1631 in
1034 1586 1136 1648 panno

130 1652 337 1735 In'nqnnninr
356 1650 497 1740 (Flo'rent.
516 1651 573 1740 31)
592 1658 723 1735 tenpore
740 1654 804 1719 nai
821 1653 871 1741 (Is.
891 1652 1003 1741 Voss.):
1026 1658 1088 1718 Lm.
1103 1657 1134 1718 B.

75 1757 96 1791 ’ὅ
131 1748 151 1804 i.
173 1762 197 1804 e.
220 1743 396 1822 Imquuntur
417 1744 492 1824 tabi,
515 1764 589 1824 quae
613 1747 691 1805 iutra
713 1744 802 1805 breve
824 1753 940 1825 tempus
963 1748 1061 1807 futura
1084 1748 1135 1825 sit;

130 1831 301 1894 λείπονται
316 1825 385 1916 (τῇ)
404 1829 441 1894 ἐν
455 1828 555 1915 ὀλίγῳ
574 1832 681 1915 χρόνῳ
696 1827 795 1912 τήξεις
818 1830 1000 1911 linquuntur
1013 1881 1019 1894 .
1035 1881 1042 1894 .
1057 1881 1063 1894 .
1079 1830 1137 1894 nn

132 1919 190 1991 00.
215 1916 350 1981 licuntur
372 1920 425 1981 ΜΓ.
446 1953 484 1964 -
505 1917 571 1982 555
590 1939 632 1999 sq.
656 1918 807 1982 adhaeret.
846 1917 988 2000 Denique
1005 1922 1057 1982 ΜΓ.
1081 1919 1135 1982 ud·

131 2006 236 2070 nuere
254 2006 390 2089 deniqne,
408 2006 542 2087 eerpon's
560 2009 621 2068 Lm.
640 2007 672 2068 Β.
696 2011 767 2069 satis
790 2011 878 2089 mium
900 2010 966 2070 vIde
990 2028 1063 2087 quae
1082 2008 1135 2069 Mr.

132 2099 164 2156 in
187 2103 247 2156 not.
270 2095 284 2156 I
306 2097 405 2157 refert.
431 2130 473 2140 -
495 2094 560 2158 571
584 2115 627 2175 sq.
655 2093 684 2156 si
706 2094 839 2158 eoneiere
864 2095 901 2157 e'n
925 2113 958 2159 se
984 2095 1136 2158 aninum

133 2186 223 2262 nique
248 2181 360 2246 ineos
380 2182 495 2262 poterit
519 2180 693 2246 concludere
718 2185 817 2245 moins
839 2183 900 2244 Lm.
923 2183 954 2245 B.
978 2185 1013 2245 es.
1035 2183 1134 2262 philoI

132 2271 236 2333 XXVII
259 2268 315 2333 50:
346 2288 409 2334 sese
436 2270 546 2334 aninu
568 2269 686 2334 ...in
712 2288 761 2333 eos
783 2270 842 2341 00.
868 2287 931 2333 sese
957 2268 1066 2332 anina
1083 2313 1114 2332 ..

133 2360 169 2422 In
193 2377 226 2422 eo
249 2359 317 2420 Fab.
340 2359 452 2421 Wakef.
476 2359 565 2420 Goeh.
589 2366 700 2438 quaest.
723 2378 751 2438 p.
775 2357 910 2420 2612011.
934 2359 969 2419 de
997 2365 1050 2419 art.
1074 2377 1136 2419 voe.

133 2469 161 2529 p.
184 2447 236 2510 23.
259 2481 303 2492 —
326 2444 392 2509 584
415 2447 504 2527 forus
527 2449 673 2530 nununie
695 2445 804 2524 ann'nu
824 2464 953 2526 nsque
969 2463 1029 2526 pen
1050 2448 1137 2510 arins

133 2537 196 2598 Lm.
219 2535 265 2596 B.:
289 2534 378 2615 funus
404 2538 537 2598 manuni
560 2533 810 2614 animaeque...
830 2535 887 2606 00.
913 2533 1001 2614 ferae
1028 2533 1138 2598 anina

134 2625 296 2688 emanante
308 2670 316 2685 .
330 2670 339 2685 .
353 2669 361 2686 .
375 2624 428 2684 Mr.
447 2659 488 2667 —
508 2620 682 2685 590-604
702 2623 825 2698 seclusit
843 2625 890 2684 his
908 2643 942 2684 ea
960 2627 1137 2704 interrumpi

135 2731 209 2793 quae
240 2731 300 2774 non
331 2713 472 2772 deberent
498 2713 571 2772 vidit
598 2712 743 2773 Christius
771 2711 789 2772 I.
817 2732 842 2773 c.
869 2731 897 2792 p.
927 2711 980 2792 19,
1008 2714 1059 2791 qui
1086 2731 1137 2772 eos

134 2809 200 2881 post
227 2798 291 2863 577
320 2794 398 2885 (579
426 2793 503 2884 Lm.)
533 2799 662 2861 collocat.
694 2802 743 2860 eui
768 2799 873 2861 Muuro
901 2803 941 2861 ita
968 2801 1137 2879 assentitur,

135 2898 167 2951 ut
195 2908 246 2950 eos
273 2892 352 2950 inter
374 2884 439 2950 575
462 2895 492 2948 et
514 2885 579 2950 576
602 2889 778 2967 interponat,
801 2907 858 2966 qua
881 2905 913 2948 re
936 2886 1011 2947 male
1034 2905 1137 2948 versus

136 2975 309 3040 574-577
335 2976 370 3037 ab
394 2995 429 3037 eo
448 2975 575 3055 capitulo
593 2975 716 3056 remilia
739 2978 824 3035 cqus
848 2974 976 3035 clausula
999 2981 1075 3035 sunt.
1093 3008 1137 3018 —

136 3064 200 3128 594
227 3062 377 3144 eesanpni
403 3063 508 3126 endere
535 3061 640 3126 onnia
664 3078 830 3140 conpone
852 3059 987 3123 membru
1009 3061 1138 3124 Florem.

137 3153 186 3235 31,
209 3155 323 3213 inc-erto
351 3155 537 3212 coniecturae
563 3159 690 3232 auctore,
714 3153 845 3230 ImprImi
867 3153 950 3230 Iussi,
974 3150 1025 3210 sed
1049 3150 1138 3212 debui

137 3242 266 3303 seribere
285 3238 434 3318 ensunpni
446 3240 563 3318 faeie,
581 3257 606 3300 v.
625 3238 662 3298 VI
680 3237 757 3302 812:
780 3257 848 3299 nam
866 3255 925 3297 non
948 3237 1043 3298 solent
1065 3239 1137 3298 nudi

137 3348 214 3411 asse,
238 3346 364 3408 quorum
392 3330 488 3388 animo
515 3326 590 3387 male
618 3328 660 3388 fit.
705 3328 886 3406 scripsisset,
913 3343 945 3386 re
974 3345 1043 3386 sane
1070 3344 1138 3404 per-

138 3425 247 3498 specta,
276 3419 363 3477 etiam
387 3415 468 3476 Bkm.
493 3413 587 3495 faeie,
611 3433 670 3475 non
693 3412 773 3494 uisu,
796 3415 823 3474 'si
845 3413 934 3475 latine
959 3416 1060 3473 sciret:
1088 3429 1138 3472 en·

136 3504 247 3587 sunpni
274 3503 380 3566 eadere
405 3501 511 3565 omniu
536 3499 673 3565 nenbru
699 3501 810 3572 00...
830 3546 838 3561 .
865 3503 969 3563 nnneo
991 3499 1053 3559 Lm.
1076 3497 1138 3580 Mu,

137 3595 218 3656 male.
243 3591 367 3656 hunone
380 3595 468 3652 etiam
481 3593 566 3672 peius
579 3590 611 3653 B.
628 3624 665 3633 —
676 3586 738 3651 607
754 3586 798 3650 ud
809 3585 949 3669 inpninn
967 3589 997 3649 ei
1006 3603 1138 3665 superus
