2496 3876
509 227 793 283 PROLEGOMENA.
1065 226 1154 281 XXIX

144 392 235 434 versu
260 370 346 435 1053
369 373 518 434 transilies
541 375 577 435 ad
596 394 714 436 versum
733 373 818 437 1078
839 383 903 434 eta
923 394 948 435 v.
969 371 1054 438 1085
1074 374 1109 435 ad
1127 393 1153 435 1.

146 459 244 542 1089,
267 464 376 522 iustam
398 461 520 523 habebis
544 467 758 525 sententiarum
781 465 1038 525 continuationem.
1081 463 1153 524 haec

144 557 218 628 puto
246 552 376 628 primum
399 552 508 629 scripta
531 569 597 613 esse
621 570 637 612 a
659 559 758 632 poeta,
787 552 894 612 deinde
918 555 947 613 ei
970 555 1065 613 visum
1087 569 1153 611 esse

144 637 283 716 pluribus
311 656 345 698 ea
371 641 530 719 persequi,
553 658 627 718 qliae
654 640 789 700 versibus
814 637 899 703 1078
923 659 986 720 sqq.
1031 639 1153 699 dixerat.

145 728 246 804 itaque
277 728 406 806 scripsit,
434 728 467 786 ni
493 726 591 808 fallor,
617 746 660 788 11.
681 725 912 809 mot-1077,
938 727 1153 807 pulcherrimos

147 813 215 874 illos
239 812 368 894 quidem,
391 814 444 873 sed
468 816 520 892 qui
542 833 638 894 neque
661 815 722 877 illis
745 824 811 877 octo
832 815 966 877 versibus
985 821 1051 895 apte
1069 832 1153 893 prae-

146 904 303 962 mittantur
321 919 416 979 neque
436 920 539 962 eorum
557 901 621 963 loco
641 906 672 964 in
691 914 809 965 carmen
829 907 920 965 inseri
937 905 1062 984 possint,
1086 921 1152 962 cum

147 990 193 1069 id,
222 990 300 1068 quod
322 1008 347 1049 v.
364 986 448 1051 1081
461 1008 523 1069 sqq.
552 991 673 1074 dicitur,
705 1001 822 1071 poetam
849 991 1032 1053 abiecturum
1061 991 1153 1050 fuisse

146 1077 290 1139 credibile
313 1096 373 1138 non
397 1079 443 1138 sit.
490 1079 560 1158 quid
583 1099 653 1140 vero
676 1081 811 1141 versibus
837 1077 921 1142 1086
931 1098 995 1159 sqq.
1018 1081 1078 1160 1131,
1101 1079 1154 1157 qui

146 1184 245 1244 neque
274 1183 327 1226 suo
354 1165 419 1226 loco
445 1166 518 1228 13111
545 1186 641 1246 neque
665 1171 697 1227 in
719 1167 810 1229 alium
831 1168 986 1229 transferri
1008 1162 1154 1246 possunt?

147 1272 247 1315 nonne
271 1261 392 1333 apparet
414 1254 487 1315 haec
510 1262 591 1316 recte
614 1274 646 1314 se
669 1255 822 1335 habuisse,
849 1257 875 1316 si
898 1255 955 1315 tale
979 1255 1049 1334 quid
1073 1261 1153 1315 ante-

147 1341 293 1403 cedebat.
308 1389 315 1403 .
331 1390 337 1402 .
353 1389 359 1401 .
374 1344 482 1403 311331
496 1339 605 1403 incerti
622 1339 766 1404 monibus
785 1345 849 1403 tum
863 1336 1019 1425 (1313331)
1034 1359 1155 1421 empore

147 1433 216 1492 uto.
247 1447 316 1508 ergo
336 1430 385 1491 hic
403 1429 546 1490 habemus
564 1429 623 1490 loci
641 1430 801 1510 relliquias
820 1432 880 1510 qui,
898 1437 1055 1509 postquam
1068 1437 1155 1508 poeta

148 1517 283 1579 versibus
309 1515 394 1579 1052
405 1536 448 1596 sq.
472 1524 501 1578 et
525 1514 609 1579 1079
621 1537 684 1598 sqq.
717 1518 753 1578 de
781 1517 883 1577 eadem
910 1536 943 1578 re
967 1517 1033 1578 aliis
1055 1517 1154 1578 verbis

150 1608 282 1687 scripsit,
305 1609 337 1666 in
360 1608 490 1666 carmine
513 1608 636 1666 retineri
659 1625 718 1667 non
742 1605 850 1666 debuit.

238 1694 313 1754 Sunt
325 1712 395 1753 vero
410 1696 499 1754 etiam
512 1694 579 1775 loci,
596 1713 680 1775 quos,
698 1714 765 1755 cum
779 1696 1047 1774 argumentationes
1062 1696 1154 1756 conti-

147 1789 238 1842 neant
254 1800 315 1842 non
334 1782 498 1842 etiamalio
521 1782 585 1843 1333
604 1791 802 1866 occurrentes,
820 1789 918 1844 tamen
937 1781 1050 1844 secludi
1069 1800 1154 1862 opor-

148 1877 218 1950 teat,
238 1888 306 1931 cum
324 1888 384 1930 non
401 1870 536 1952 habeant,
552 1870 605 1931 ubi
623 1879 688 1950 apte
708 1871 897 1952 collocentur,
916 1872 1024 1950 quippe
1045 1873 1104 1951 qui,
1123 1878 1156 1931 nt

149 1960 189 2018 ait
203 1955 417 2039 Lachmannus,
431 1959 556 2018 seorsim
573 1977 589 2018 3
608 1961 747 2019 carminis
762 1961 954 2018 continuitate
969 1960 1073 2037 scripti
1087 1961 1154 2018 sint.

148 2045 236 2106 docet
263 2046 319 2107 boc
347 2047 383 2107 de
410 2046 545 2106 versibus
573 2045 591 2105 l.
619 2045 645 2104 ll
672 2042 870 2125 522—528,
895 2045 936 2105 lll
962 2043 1155 2125 350-395,

148 2133 172 2192 V
202 2130 427 2196 1092-1147
457 2128 696 2217 (1105-1160
722 2126 814 2214 Lm),
841 2140 870 2192 et
898 2131 933 2193 de
961 2133 1008 2192 his
1036 2133 1155 2212 quidem

149 2222 233 2303 13133,
250 2229 283 2282 ut
301 2223 378 2282 infra
396 2220 611 2282 demonstrabo.
643 2240 680 2282 ne
700 2221 735 2281 de
754 2220 811 2281 1.11
831 2220 966 2281 versibus
982 2217 1154 2282 167-183

151 2313 180 2371 ei
199 2313 337 2371 assentiri
355 2327 485 2389 possum,
504 2326 572 2368 nam
594 2311 658 2388 ipse
677 2316 764 2387 poeta
787 2308 872 2368 docet
896 2310 939 2368 eis
958 2306 1057 2367 verbis
1081 2326 1155 2387 quae

150 2398 364 2459 dubitationem
389 2396 500 2457 nullam
528 2396 695 2477 admittant,
723 2414 754 2457 se
777 2396 852 2456 hanc
875 2395 1089 2475 digressionem
1112 2399 1155 2457 eis

150 2505 226 2565 quae
258 2485 294 2546 de
327 2485 457 2545 motibus
489 2484 620 2564 disputet
647 2486 874 2565 interposuisse:
908 2484 986 2545 redit
1013 2487 1092 2545 enim
1120 2485 1155 2545 ad

150 2575 336 2654 propositum
357 2573 405 2634 his
423 2573 535 2634 verbis:
557 2591 647 2649 1111113,
666 2571 702 2634 td
717 2571 799 2652 quod
813 2574 955 2652 3111131331,
973 2571 1009 2636 de
1026 2571 1156 2636 1113111133

151 2661 350 2740 expediemus.
382 2679 442 2722 non
458 2663 558 2724 minus
576 2664 705 2743 mireris,
719 2662 797 2741 quod
811 2661 1016 2723 Lachmannus
1034 2661 1052 2722 l.
1072 2663 1095 2721 V
1113 2682 1155 2722 vv.

154 2747 327 2812 110-236
359 2749 526 2831 secluserit,
554 2769 621 2812 cum
648 2758 734 2830 poeta
761 2751 910 2830 praelatus
937 2753 976 2810 sit
1004 2769 1048 2832 se,
1076 2758 1156 2812 ante·

151 2857 239 2917 quam
267 2838 303 2898 de
331 2839 430 2898 futuro
458 2838 560 2898 mundi
586 2841 710 2899 interitu
733 2837 865 2919 doceret,
888 2837 1156 2899 demonstraturum

151 2945 217 2988 esse
247 2945 306 2988 non
337 2944 402 2986 esse
430 2928 553 3004 impium
583 2925 652 2986 talia
680 2926 810 2987 credere.
860 2934 941 2986 recte
969 2942 1038 2985 vero
1065 2926 1156 2987 Lach-

150 3031 275 3076 mannus
300 3013 420 3074 seclusit
439 3013 456 3072 l.
477 3013 515 3072 IV
533 3009 707 3076 804-838
732 3009 921 3098 (822-857
940 3006 1018 3094 Lm.)
1042 3021 1071 3073 31
1093 3014 1111 3074 l.
1134 3015 1157 3072 V

152 3099 368 3165 1078-1091
394 3095 630 3184 (1091-1104
647 3094 732 3184 Lm).
771 3101 818 3162 his
841 3100 914 3160 locis
932 3099 1056 3160 sortasse
1075 3109 1157 3180 pote-

151 3209 214 3251 ram
236 3191 353 3270 addere,
376 3189 411 3249 de
435 3189 544 3268 quibus
567 3208 655 3270 supra
677 3190 831 3270 disputavi,
853 3207 896 3248 11.
916 3184 1157 3252 111463-471.

150 3287 302 3357 praeterea
334 3277 467 3340 nonnulli
500 3284 568 3339 sunt
595 3278 666 3359 loci,
694 3295 767 3356 quos
795 3283 845 3337 aut
871 3277 985 3355 primus
1013 3285 1064 3338 aut
1091 3296 1157 3337 cum

149 3369 255 3445 primis
279 3365 402 3427 seclusi:
426 3365 503 3445 quod
528 3366 636 3444 quibus
659 3365 823 3426 rationibus
846 3364 952 3425 ductus
979 3367 1011 3425 in
1034 3363 1157 3441 singulis

150 3454 286 3535 fecerim,
314 3456 346 3514 in
374 3453 464 3514 altera
492 3454 580 3515 buius
603 3455 792 3533 praelationis
815 3460 898 3531 parte
922 3451 1042 3512 docebo.
1089 3459 1158 3512 sunt

152 3549 249 3604 autem
280 3543 345 3604 hice
376 3541 434 3602 loci
461 3542 474 3603 l
502 3537 817 3622 6-9,.130-139
845 3535 1043 3624 (136-145
1070 3532 1158 3622 Lm),
