2500 3882
114 221 156 284 26
610 220 623 273 Ι

186 385 253 428 cum
277 368 384 446 quibus
408 374 438 428 91
461 366 540 446 quali
562 368 696 446 positura
719 367 926 427 contineantur

115 462 216 515 91091
239 474 313 534 qnos
336 459 415 516 inter
438 473 470 515 se
494 454 564 516 dent
586 461 683 515 motus
707 456 923 535 accipiantque,
1084 469 1132 508 919

116 551 166 599 905
187 551 274 622 atque
298 545 401 605 eadem
423 543 509 622 paulo
532 545 610 604 inter
633 560 665 602 se
688 548 798 602 mutata
821 560 922 602 creare

186 634 269 710 ignes
293 639 323 692 et
344 628 478 710 lignum?
514 649 571 710 quo
593 638 678 710 pacto
701 628 790 690 verba
813 648 930 709 quoque
953 632 1017 710 ipsa

186 722 264 781 iuter
287 738 318 780 se
341 718 429 798 paulo
451 721 571 780 mutatis
596 725 665 780 sunt
687 717 854 799 elementis,

188 825 255 868 cum
277 807 357 886 ligna
379 814 467 886 atque
489 810 573 886 ignes
597 806 734 867 distincta
757 824 827 866 voce
850 813 993 866 notamus.

116 900 171 951 915
187 895 314 973 denique
338 897 396 956 iam
420 913 494 974 quae
518 913 644 973 cumque
668 896 700 954 in
723 893 813 954 rebus
836 896 933 955 cernis
957 895 1069 973 apertis
1085 907 1127 948 911

117 985 214 1042 91091
237 984 384 1044 1191111911
406 1001 495 1063 posse
517 989 617 1063 putnS,
640 984 711 1061 quin
735 984 867 1042 materiai

189 1087 312 1149 corpora
335 1071 482 1132 consimili
504 1078 609 1131 natura
630 1069 764 1150 praedita
786 1071 891 1150 fingas,

187 1158 242 1219 hac
264 1161 378 1220 rationo
401 1159 456 1220 tibi
478 1165 605 1238 pereunt
627 1157 789 1238 primordia
811 1176 925 1218 rerum:

188 1247 240 1307 fiet
261 1249 306 1306 uti
328 1249 391 1308 risu
413 1246 540 1308 tremulo
563 1264 706 1308 concussa
728 1245 904 1306 cachinnent

118 1340 176 1391 920
190 1341 219 1394 91
241 1333 371 1396 lacrimis
391 1334 476 1396 salsis
499 1341 650 1395 umectent
673 1352 724 1393 ora
746 1352 903 1412 genasque.
1083 1348 1125 1388 999

118 1430 169 1480 911
232 1421 318 1484 Nunc
341 1441 402 1504 age,
425 1423 503 1501 quod
527 1441 617 1503 snper
639 1429 685 1482 991
700 1440 851 1500 ‘cognosce
870 1430 899 1482 et
917 1421 1026 1482 clarius
1045 1422 1123 1484 audi.

611 1528 629 1568 9

188 1616 244 1658 nec
265 1617 314 1658 me
337 1599 428 1657 animi
450 1596 524 1656 fallit
546 1616 634 1675 quam
657 1599 717 1657 sint
739 1596 877 1657 obscura:
901 1596 953 1657 sed
976 1598 1038 1657 acri

189 1687 338 1766 percussit
359 1684 460 1762 thyrso
482 1683 577 1744 laudis
602 1703 669 1764 spes
692 1703 796 1763 magna
818 1702 918 1745 meum
941 1703 992 1744 cor

190 1779 220 1834 et
243 1771 331 1832 simul
353 1773 479 1832 incussit
501 1789 619 1832 suavem
641 1774 684 1831 mi
706 1775 737 1832 in
759 1779 862 1852 pectus
886 1790 1015 1834 amorem

119 1868 174 1920 925
190 1879 354 1940 musarum,
378 1877 435 1938 quo
458 1876 538 1919 nunc
559 1861 717 1920 instinctus
740 1867 839 1921 mente
861 1863 972 1939 vigenti
1083 1875 1125 1917 991

121 1951 254 2009 storria
275 1946 428 2009 Pieridum
448 1965 573 2025 peragro
596 1946 660 2008 loca
682 1947 792 2009 nullius
814 1955 881 2008 ante

190 2038 260 2096 11111
283 2036 353 2096 9919.
390 2037 470 2096 iuvat
492 2037 623 2114 integros
647 2036 787 2096 accedere
809 2036 899 2097 fontis

189 2133 277 2204 atque
300 2124 433 2204 haurire,
455 2126 594 2202 iuvatque
616 2141 708 2184 novos
730 2124 890 2203 decerpere
912 2124 1000 2184 flores

190 2215 394 2292 insignemque
418 2229 484 2272 meo
508 2213 598 2292 capiti
619 2219 721 2291 petere
743 2210 812 2272 inde
836 2230 987 2294 coronam,

120 2301 269 2362 9301111119
292 2304 376 2381 prins
398 2299 473 2360 nulli
494 2299 618 2360 velarint
640 2306 773 2379 tempora
795 2317 910 2381 musae3
1083 2315 1124 2356 999

121 2398 171 2446 915
190 2392 320 2470 primum
343 2387 421 2467 quod
443 2391 557 2466 magnis
580 2388 671 2449 doceo
695 2388 731 2448 de
754 2387 844 2448 rebus
867 2395 897 2448 et
919 2389 991 2447 artis

191 2476 367 2554 religionum
390 2477 519 2536 animum
542 2475 628 2535 nodis
652 2473 802 2537 exsolvere
825 2493 929 2556 pergo,

191 2563 298 2624 deinde
322 2562 400 2641 quod
424 2561 550 2623 obscura
572 2563 608 2622 de
631 2570 746 2622 1911111
769 2563 866 2624 lucida
887 2581 982 2643 pango

192 2653 334 2730 carmina,
355 2667 476 2710 musaeo
499 2652 672 2728 contingens
696 2659 800 2711 cuncta
822 2651 930 2731 lepore.

121 2744 175 2796 935
191 2739 222 2800 id
246 2755 361 2817 quoque
384 2739 464 2798 enim
486 2755 546 2798 non
569 2736 604 2797 ab
628 2737 707 2797 nulla
729 2741 843 2800 ratione
866 2738 995 2800 videtur:
1084 2753 1124 2794 ass

121 2833 173 2884 930
192 2827 243 2889 sed
266 2826 358 2887 veluti
379 2827 480 2905 pueris
503 2824 649 2886 absinthia
670 2832 765 2887 taetra
786 2826 939 2887 medentes
961 2867 963 2874 ›

192 2934 259 2977 cum
282 2915 351 2976 dare
375 2921 531 2995 conantur,
553 2916 636 2993 prins
659 2932 740 2994 oras,
761 2913 866 2993 pocula
889 2917 1014 2996 circum,

192 3006 366 3083 contingunt
388 3001 484 3063 mellis
508 3001 586 3063 dulci
608 3002 740 3081 flavoque
763 3003 891 3083 liquore,

192 3100 225 3152 ut
247 3109 407 3172 puerorum
431 3099 510 3152 aetas
533 3090 686 3169 inprovida
708 3089 877 3151 ludificetur

121 3179 341 3241 9101111911111
363 3187 463 3259 tenus,
488 3181 601 3239 interea
623 3185 759 3257 perpotet
781 3195 912 3239 amarum
1085 3193 1124 3234 919

123 3271 174 3320 935
193 3266 321 3327 absinthi
343 3263 473 3347 laticem,
497 3267 676 3345 deceptaque
699 3283 758 3326 nou
782 3268 927 3346 capiatur,

193 3354 245 3414 sed
268 3357 367 3432 potius
389 3355 441 3415 tali
462 3362 547 3434 pacto
571 3361 703 3414 recreata
725 3353 865 3435 valescat,

193 3445 236 3502 sic
260 3459 313 3519 ego
337 3460 429 3524 nuuc,
457 3445 595 3522 quoniam
620 3441 692 3503 haec
715 3443 790 3502 ratio
812 3441 986 3521 plerumque
1010 3439 1124 3508 videtur

192 3531 307 3589 tristior
330 3547 395 3590 esse
419 3531 526 3608 quibus
549 3549 608 3592 non
632 3539 677 3590 991
699 3536 834 3610 tractata,
857 3536 995 3608 retroque
