2500 3882
100 223 143 286 42
587 225 613 278 Π

171 373 321 450 sanguinis
345 373 483 450 expirans
506 371 633 432 calidum
657 373 693 433 de
715 381 834 452 pectore
859 375 983 434 flumen:

100 467 152 516 355
172 467 201 520 at
223 467 316 520 mater
340 459 442 520 viridis
466 459 557 520 saltus
581 459 682 521 orbata
704 480 865 541 peragrans

170 551 267 608 noscit
288 548 371 608 humi
393 547 518 626 pedibus
540 550 663 626 vestigia
685 568 789 628 pressa
810 549 946 630 bisulcis,

172 638 269 696 omnia
292 637 447 695 convisens
471 628 564 696 oeulis
586 635 662 717 loca,
686 639 711 696 si
734 645 822 716 queat
844 657 968 717 usquam

171 726 342 802 conspicere
365 725 507 783 amissum
529 724 636 804 fetum,
658 725 844 804 completque
868 725 1010 806 querellis

171 811 365 872 frondiferum
387 811 484 872 nemu’
508 811 686 894 subsistens,
710 820 739 873 et
761 813 865 875 crebra
888 816 992 875 revisit

101 909 153 957 360
171 901 207 960 ad
232 898 391 980 stabulum,
415 899 562 960 desiderio
585 902 697 979 perfixa
720 903 850 983 iuvenci,

171 1006 226 1048 nec
249 994 367 1047 tenerae
392 987 496 1048 salices
520 994 606 1066 atque
629 988 737 1049 herbae
761 1008 828 1050 rore
851 992 984 1068 vigentes

171 1076 350 1154 fluminaque
373 1075 422 1135 illa
445 1082 558 1154 queunt
580 1079 703 1137 summis
726 1077 854 1138 labentia
877 1080 950 1157 ripis

172 1163 318 1224 oblectare
342 1165 472 1224 animum
496 1163 651 1242 subitoque
678 1173 809 1226 avertere
822 1185 946 1246 vcuram,

172 1271 227 1312 nec
250 1251 407 1327 vitulorum
431 1251 504 1312 aliae
529 1254 643 1331 species
666 1271 720 1331 per
742 1253 848 1332 pabula
871 1254 946 1315 laeta

102 1349 153 1396 ³65
173 1341 305 1401 derivare
329 1347 442 1418 queunt
464 1342 594 1400 animum
618 1359 746 1420 curaque
770 1342 880 1403 levare:

171 1448 265 1508 usque
289 1429 361 1490 adeo
384 1429 522 1507 quiddam
544 1431 698 1506 proprium
721 1437 881 1509 notumque
903 1432 1040 1509 requirit.

171 1524 325 1596 praeterea
347 1519 443 1577 teneri
468 1515 603 1576 tremulis
626 1535 693 1577 cum
715 1517 837 1578 vocibus
860 1519 947 1579 haedi

173 1608 341 1683 cornigeras
363 1611 474 1665 norunt
495 1611 618 1685 matreS,
641 1607 766 1685 agnique
789 1605 899 1684 petulci

171 1692 320 1752 balantum
343 1691 485 1770 pecudes:
509 1694 562 1772 ita,
585 1693 662 1770 quod
686 1700 790 1754 natura
813 1696 955 1774 reposcit,
1055 1763 1056 1770 q

102 1789 153 1837 370
173 1781 208 1840 ad
232 1798 284 1840 sua
308 1782 432 1858 quisque
456 1780 517 1840 fere
541 1779 703 1841 decurrunt
724 1781 815 1842 ubera
837 1781 930 1844 lactis.

172 1874 321 1947 postremo
345 1867 467 1945 quodvis
490 1867 670 1928 frumentum
692 1887 752 1929 non
774 1877 873 1930 tamen
896 1889 982 1931 omne

173 1958 282 2034 quique
306 1974 359 2016 suo
382 1973 490 2033 genere
513 1957 591 2016 inter
615 1975 646 2017 se
670 1957 766 2018 simile
789 1975 854 2018 esse
877 1957 1004 2038 videbis,

174 2046 244 2124 quin
267 2046 446 2104 intercurrat
469 2043 611 2122 quaedam
634 2045 773 2106 distantia
796 2046 908 2106 formis.

173 2132 408 2210 concharumque
433 2149 525 2210 genus
548 2131 635 2210 parili
656 2136 770 2194 ratione
793 2134 926 2195 videmus

103 2229 153 2277 375
173 2224 294 2300 pingere
318 2220 432 2281 telluris
455 2223 613 2301 gremium,
637 2238 694 2299 qua
716 2220 854 2282 mollibus
878 2222 965 2282 undis

172 2310 268 2370 litoris
292 2311 406 2370 incurvi
428 2307 559 2368 bibulam
581 2310 661 2387 pavit
683 2327 793 2388 aequor
815 2309 963 2371 harenam.

174 2416 264 2476 quare
288 2400 376 2458 etiam
398 2405 485 2476 atque
509 2399 596 2457 etiam
621 2396 711 2456 simili
733 2399 846 2458 ratione
870 2405 1034 2480 necessest,

173 2492 276 2545 natura
300 2488 437 2563 quoniam
460 2491 596 2545 constant
617 2503 713 2562 neque
736 2485 811 2546 faeta
833 2504 922 2546 manu
946 2495 1015 2547 sunt

173 2575 262 2632 unius
286 2572 320 2631 ad
345 2579 455 2632 certam
478 2573 602 2633 formam
624 2573 785 2651 primordia
808 2591 922 2656 rerum,

104 2669 155 2717 380
174 2659 311 2719 dissimili
334 2662 412 2719 inter
435 2678 466 2720 se
491 2661 632 2739 quaedam
655 2660 776 2720 volitare
801 2663 901 2740 ligura.

597 2768 614 2807 s

174 2834 342 2913 perfacilest
364 2837 454 2895 animi
476 2839 589 2897 ratione
613 2836 763 2896 exsolvere
786 2837 872 2898 nobis

175 2941 265 3001 quare
288 2922 447 2983 fulmineus
469 2924 561 2984 multo
584 2924 763 3004 penetralior
785 2927 864 3003 ignis

176 3029 262 3088 quam
285 3018 387 3071 noster
409 3011 471 3070 fuat
493 3030 509 3070 e
531 3013 626 3072 taedis
650 3012 843 3074 terrestribus
867 3020 962 3075 ortus:

176 3098 273 3159 dicere
298 3101 376 3159 enim
399 3101 496 3177 possis
519 3099 675 3160 caelestem
698 3100 829 3161 fulminis
853 3104 951 3180 ignem

106 3192 156 3240 385
176 3185 314 3246 subtilem
336 3189 430 3264 magis
453 3204 469 3247 e
491 3189 589 3266 parvis
612 3195 747 3248 constare
771 3190 875 3267 liguris

176 3279 263 3349 atque
286 3274 351 3333 ideo
375 3277 502 3334 transire
525 3275 668 3336 foramina
691 3295 765 3354 quae
788 3279 892 3356 nequit
914 3280 991 3356 ignis

175 3365 277 3418 noster
298 3360 347 3420 hic
370 3380 386 3421 e
409 3362 496 3440 lignis
520 3369 602 3423 ortus
626 3363 769 3442 taedaque
792 3371 916 3425 creatus.

175 3452 325 3522 praeterea
349 3448 448 3509 lumen
471 3467 525 3528 per
548 3468 672 3510 cornum
694 3453 813 3532 transit,
837 3459 866 3511 at
889 3451 984 3512 imber

176 3534 333 3608 respuitur.
376 3533 488 3613 quare?
524 3540 582 3598 nisi
605 3537 724 3598 luminis
747 3537 797 3598 illa
819 3541 934 3600 minora
