2496 3876
133 197 236 250 XXXII
494 193 777 249 PROLEGOMENA.

223 342 298 403 Sunt
333 349 431 402 autern
467 341 541 401 duae
578 359 638 420 reS,
674 341 781 419 quihus
817 349 885 420 post
920 341 1142 403 Lachmannum

134 429 255 492 Lucreti
273 430 402 490 editores
421 431 505 508 quasi
527 431 558 488 in
576 435 694 508 patente
713 429 848 490 licentiae
868 448 970 508 campo
989 448 1049 490 non
1072 449 1141 491 raro

136 519 257 579 effusius
272 525 426 579 currentes
440 516 619 577 ceciderunt.
652 535 718 577 cum
735 519 813 576 enirn
827 516 1007 578 Lachmanni
1020 520 1142 596 ingenio

135 607 243 668 lactum
263 612 350 686 esset,
368 612 401 665 ut
419 604 489 682 quid
512 606 544 663 in
563 622 678 683 quaque
698 605 848 684 archetypi
868 609 973 685 pagina
996 609 1143 685 scriptum

135 697 239 756 suisset
267 702 296 754 et
315 710 372 772 quo
396 694 538 771 cuiusque
557 694 679 771 paginae
702 692 766 752 loco
791 694 915 772 quisque
938 713 1042 754 versus
1066 697 1142 754 exti-

134 787 221 844 tisset
240 783 310 843 sciri
323 788 432 860 posset,
447 798 571 859 cumque
590 780 668 840 idem
688 779 919 842 demonstrasset
932 781 1143 843 nonnullarum

135 875 307 951 paginarum
338 874 437 947 partes
469 869 584 928 infimas
616 870 758 928 rescissas
790 869 894 950 luisse,
921 871 1055 930 nonnulli
1083 873 1144 931 riri

136 961 215 1020 docti
237 960 267 1016 in
291 956 435 1037 versibus,
459 975 532 1035 quos
555 958 586 1015 in
610 956 754 1016 eiusmodi
777 957 927 1037 archetypi
950 957 1023 1019 locis
1047 961 1143 1038 scrip-

135 1057 181 1108 tos
213 1047 304 1106 luisse
337 1047 450 1105 ratione
483 1043 625 1104 subducta
658 1046 843 1125 invenerant,
869 1064 907 1106 ne
937 1047 1143 1108 audacissimis

136 1133 255 1214 quidem
281 1131 493 1192 mutationibus
523 1131 729 1192 abstinendum
760 1140 914 1214 putarunt,
941 1153 975 1194 ea
1006 1152 1144 1216 nonnun-

137 1240 224 1302 quam
252 1223 453 1302 immutauteS,
481 1237 556 1300 quae
584 1222 738 1281 sanissima
769 1240 835 1282 esse
866 1230 933 1300 post
959 1219 1144 1284 intellectum

136 1318 190 1371 est.
231 1309 317 1370 aliam
343 1309 485 1388 peccandi
509 1311 758 1389 opportunitatem
780 1309 988 1388 glossematum
1011 1313 1143 1388 suspicio

136 1399 229 1480 dedit,
257 1399 293 1458 ad
322 1416 409 1478 quam
437 1404 505 1458 sunt
532 1399 583 1475 qui
610 1399 698 1457 nimis
726 1398 810 1458 facile
839 1399 997 1478 confugere
1020 1399 1143 1460 soleant.

137 1496 182 1548 est
210 1494 307 1547 autem
335 1489 366 1545 in
394 1493 455 1545 toto
479 1487 608 1546 carmine
636 1503 672 1544 ue
700 1503 793 1545 uuum
815 1485 934 1564 quidem
957 1486 1144 1564 glossematis

136 1577 294 1652 vestigium
330 1580 452 1633 certum.
502 1575 533 1632 in
569 1589 626 1648 quo
659 1589 766 1649 genere
798 1575 843 1631 vir
875 1572 946 1633 alias
978 1577 1146 1636 acutissimi

137 1663 241 1724 iudicii
277 1669 307 1721 et
344 1677 473 1720 summae
509 1658 683 1737 prudentiae
715 1658 891 1737 Bernaysius
927 1679 998 1738 prae
1034 1665 1145 1723 ceteris

136 1751 268 1830 peccavit
294 1749 464 1826 insigniter,
488 1764 555 1806 oum
582 1747 672 1823 prael.
696 1765 724 1825 p.
748 1746 787 1806 Xl
814 1749 932 1826 scripsit
959 1747 977 1807 l.
1001 1747 1027 1807 11
1049 1768 1074 1808 v.
1099 1749 1144 1810 42

136 1835 270 1915 Epicure·
283 1854 349 1895 esse
363 1835 508 1913 glossema
518 1833 553 1893 ah
563 1835 648 1893 initio
658 1834 694 1893 ad
703 1831 850 1895 subsidiis
859 1835 1048 1916 adscriptum,
1059 1840 1145 1916 quasi

139 1942 314 2005 quemquam
341 1925 459 1982 omniuo
484 1921 519 1982 ad
543 1940 661 1982 carmen
683 1920 891 1983 Lucretianum
913 1922 1069 2001 legendum
1093 1925 1145 1986 ad·

139 2030 273 2091 gressum
291 2029 356 2070 esse
376 2009 517 2070 credibile
541 2011 587 2090 sit,
611 2012 662 2088 qui
685 2010 756 2090 quid
779 2018 879 2071 essent
899 2009 1039 2073 subsidia
1060 2015 1144 2090 igno-

138 2107 225 2162 raret.
275 2101 334 2159 iam
364 2105 435 2178 puto
467 2100 615 2158 neminem
647 2101 823 2159 miraturum
855 2117 935 2180 esse,
959 2100 1036 2178 quod
1066 2101 1144 2160 inira

138 2189 284 2250 eiusmodi
311 2189 441 2268 inventa,
468 2189 499 2246 in
527 2185 633 2265 quihus
661 2189 751 2247 nimia
779 2188 817 2247 sit
844 2186 975 2267 licentia,
1002 2187 1144 2266 pleraque

137 2297 175 2339 ne
213 2277 501 2338 commemoraverim
533 2275 660 2354 quidem.
725 2275 797 2336 haec
834 2274 870 2334 de
905 2274 1033 2357 legibus,
1071 2294 1144 2354 quas

138 2367 326 2445 potissimum
348 2366 379 2423 in
403 2366 532 2424 carmine
555 2362 737 2423 emendando
762 2369 880 2422 secutus
903 2381 977 2423 sum.
1233 2365 1234 2374 ’

228 2452 291 2522 Quo
310 2453 342 2511 in
358 2454 475 2529 negotio
494 2449 629 2528 pluribus
648 2451 721 2511 locis
739 2468 799 2510 non
817 2450 1007 2511 mediocriter
1025 2450 1143 2511 adiutus
1233 2523 1234 2530 ἵ

140 2558 206 2601 sum
224 2537 416 2618 epistularum
440 2539 624 2617 commercio,
648 2538 726 2616 quod
749 2538 822 2597 mihi
845 2557 912 2599 curn
932 2538 1035 2599 Carolo
1057 2536 1143 2599 Gius·

141 2647 210 2688 sano
239 2627 294 2687 luit
320 2625 542 2705 Mediolanensi,
567 2627 630 2684 viro
658 2632 691 2686 ut
718 2628 864 2704 imprimis
892 2626 978 2686 docto
1007 2633 1036 2686 et
1058 2634 1144 2687 acuto

140 2720 181 2777 ita
216 2715 441 2794 humanissimo,
478 2715 528 2792 qui
565 2731 632 2774 cum
667 2713 839 2793 propediem
869 2712 1041 2775 Lucretium
1077 2733 1145 2775 cum
1233 2767 1234 2794 ,

141 2805 351 2865 commentario
383 2801 481 2862 Italice
512 2803 621 2880 scripto
654 2801 689 2862 ah
722 2819 753 2862 se
787 2801 898 2862 editum
926 2803 964 2862 iri
990 2802 1063 2862 mihi
1090 2821 1146 2882 per
1233 2837 1234 2872 2

140 2893 254 2953 litteras
285 2892 463 2970 nuntiasset,
495 2891 772 2951 communicavimus
805 2891 883 2949 inter
910 2908 978 2971 nos,
1010 2890 1080 2969 quid
1108 2891 1145 2952 de

140 2981 213 3041 locis
246 2997 306 3040 non
332 2981 433 3058 paucis
461 2979 646 3039 sentiremus.
701 2980 785 3038 cuius
813 2979 869 3037 viri
897 2996 1050 3039 assensum
1077 2997 1145 3040 cum

140 3068 262 3148 plurimi
284 3068 397 3148 faciam,
420 3084 478 3126 non
502 3083 568 3125 raro
591 3069 709 3126 nornine
733 3068 798 3126 eius
822 3064 935 3126 adiecto
959 3085 975 3126 a
997 3085 1044 3128 me
1068 3066 1145 3127 indi·

141 3159 203 3217 cari
225 3155 347 3215 videbis

229 3243 263 3302 In
281 3243 515 3322 orthographicis
533 3241 616 3303 nolui
634 3241 748 3321 longius
767 3259 783 3303 a
801 3241 981 3308 Lachmanni
993 3242 1147 3322 Bernaysii

141 3333 294 3394 Munronis
322 3331 471 3392 scribendi
498 3333 611 3391 ratione
639 3333 657 3392 i.
681 3350 705 3391 e.
734 3350 749 3392 a
774 3330 918 3392 librorum
940 3350 1028 3392 manu
1052 3333 1146 3412 scrip-

141 3430 240 3481 torum
259 3420 437 3498 optimorum
455 3419 511 3480 lide
531 3418 697 3500 discedere,
717 3437 842 3498 quorum
860 3422 1065 3480 auctoritatem
1079 3438 1146 3480 cum
1233 3443 1234 3466 1

142 3509 207 3568 aliis
230 3509 262 3567 in
284 3506 373 3567 rehus
397 3515 459 3568 tum
482 3510 570 3568 etiam
593 3509 625 3567 in
644 3509 868 3568 consonantium
886 3506 1145 3570 assimilationihus
1233 3511 1234 3518 ’
