2512 3874
577 231 616 286 VI

91 395 143 446 715
161 381 241 438 inter
263 380 347 456 nigra
369 381 466 438 virum
488 385 627 458 percocto
652 377 746 439 saecla
770 377 868 438 colore

162 468 299 527 exoriens
322 469 440 545 penitus
463 466 562 527 media
584 465 621 526 ab
644 468 765 545 regione
789 465 857 526 diei.

163 561 210 615 est
232 571 349 632 quoque
372 557 417 614 uti
439 557 535 632 possit
556 572 680 632 magnus
704 560 862 632 congestus
884 572 989 614 arenae

91 641 301 702 7751100111)υο
324 642 455 702 aduersis
479 641 609 721 oppilare
633 644 708 703 ostia
732 649 847 723 contra,
1061 663 1101 705 700

162 747 231 791 cum
252 747 334 790 mare
355 737 523 808 permotum
545 732 642 790 ventis
665 732 725 791 ruit
748 732 829 790 intus
852 748 984 811 arenam3

92 833 144 884 770
163 835 222 897 quo
245 818 278 878 iit
299 820 345 878 uti
367 824 452 897 pacto
465 817 552 878 'liber
574 820 674 879 minus
697 820 794 878 exitus
818 820 897 878 amni

163 913 193 966 et
214 904 354 983 proclivis
376 908 448 966 item
471 907 521 966 fiat
543 908 642 967 minus
665 908 795 984 impetus
817 906 914 966 undis.

162 995 196 1054 tit
219 1012 335 1072 quoque
358 997 403 1054 uti
425 994 553 1074 pluviae,
575 994 689 1075 forsan,
712 996 805 1071 magis
829 994 865 1054 ad
888 1002 976 1073 caput
998 996 1026 1054 ei

91 1088 147 1139 730
162 1088 296 1160 tempore
320 1099 355 1141 00
378 1082 463 1162 fiant,
486 1081 564 1159 quod
588 1084 679 1142 etesia
703 1081 794 1142 ssahra
818 1080 987 1160 aquilonum
1060 1104 1100 1144 700

162 1168 264 1230 nubila
287 1171 437 1230 coniciunt
458 1172 491 1229 in
514 1188 563 1230 eas
586 1177 657 1230 tunc
681 1173 778 1230 omnia
800 1171 906 1247 partis:

93 1256 290 1337 70000111001,
314 1256 350 1317 ad
372 1257 500 1318 mediam
523 1260 674 1336 regionem
697 1260 791 1318 eiecta
814 1257 874 1318 diei

164 1363 232 1405 cum
255 1352 467 1426 convenerunt,
490 1345 533 1405 ihi
556 1345 591 1405 ad
615 1346 688 1406 altos
710 1346 838 1424 denique
861 1347 971 1406 montis
1008 1361 1012 1370 ·

165 1439 321 1494 contrusae
344 1431 439 1494 nubes
462 1440 608 1512 coguntur
630 1434 716 1511 rique
739 1440 923 1513 premuntur.

93 1529 149 1581 735
165 1522 289 1582 forsitan
309 1521 488 1600 Aethiopum
509 1523 628 1599 penitus
651 1521 688 1581 de
710 1520 861 1580 montibus
884 1520 951 1581 altis
1062 1539 1099 1582 700

165 1617 291 1690 0700071,
313 1609 365 1670 ubi
388 1610 419 1669 in
443 1627 560 1688 campos
584 1608 664 1669 albas
687 1608 867 1668 descendere
890 1610 1015 1686 ningues

95 1714 147 1763 730
165 1697 291 1758 tabificis
315 1696 426 1776 subigit
447 1696 539 1757 radiis
563 1695 607 1756 sol
630 1698 728 1756 omnia
751 1695 888 1756 lustrans.

210 1782 294 1845 Nunc
308 1803 370 1865 age,
384 1785 498 1845 Averna
511 1783 567 1845 tibi
580 1797 653 1863 quae
664 1792 734 1845 sunt
742 1783 806 1844 loca
816 1801 940 1863 cumque
950 1783 1100 1866 lacusque,

166 1872 332 1952 expediam,
356 1872 434 1951 quali
456 1875 561 1934 n'atura
583 1873 716 1952 praedita
739 1878 883 1933 constent.

95 1969 151 2020 740
167 1962 327 2040 principio,
351 1979 408 2037 quo
430 1960 545 2021 Averna
567 1967 709 2020 vocantur
732 1963 864 2040 nomine,
886 1960 916 2019 id
940 1958 976 2020 ab
999 1979 1031 2020 70
1062 1983 1100 2022 uo

166 2049 369 2127 inpositumst,
392 2050 460 2126 quia
484 2055 553 2108 sunt
576 2046 677 2108 avibus
701 2049 848 2108 contraria
871 2049 999 2128 cunctis,

97 2153 148 2204 775
167 2154 184 2195 0
207 2137 327 2213 regione
351 2153 385 2196 ea
408 2135 485 2214 quod
508 2135 572 2195 loca
595 2152 663 2195 oum
685 2152 793 2194 venere
816 2133 960 2214 volantes,

167 2225 273 2301 remigi
295 2222 402 2284 oblitae
425 2241 589 2302 pennarum
611 2221 675 2282 vela
697 2223 864 2302 remittunt,

167 2312 403 2390 praecipitesque
427 2311 535 2372 cadunt
557 2299 638 2371 inolli
661 2311 775 2370 0077100
797 2310 936 2388 profusae

97 2405 151 2460 745
167 2401 200 2458 in
221 2405 343 2479 terram,
367 2401 393 2460 si
415 2399 490 2460 10710
514 2401 555 2459 117
577 2399 635 2459 1071
656 2404 760 2459 natura
783 2396 929 2477 locorum,
1063 2419 1118 2470 740,

168 2487 273 2546 autin
295 2504 413 2566 aquam,
436 2489 463 2547 si
485 2487 561 2546 10710
584 2485 855 2547 lacussubstratus
877 2486 1021 2546 Avernist.

98 2576 194 2641 74010
217 2573 299 2634 locus
322 2581 368 2635 est
390 2573 497 2636 Cumas
520 2575 610 2656 apud,
633 2576 695 2635 acri
718 2572 838 2652 sulpure
861 2580 977 2634 montes

169 2660 279 2741 oppleti
302 2661 404 2722 calidis
426 2661 478 2723 ubi
501 2663 614 2723 fumant
635 2660 765 2722 lontibus
788 2663 879 2742 aucti3

168 2755 214 2809 est
236 2755 266 2809 et
287 2749 444 2810 Athenaeis
466 2752 498 2810 in
521 2750 688 2830 moenibus,
710 2751 788 2809 arcis
811 2751 843 2809 in
865 2751 930 2827 ipso

97 2845 153 2897 750
168 2839 292 2917 7071100,
314 2837 439 2898 Palladis
462 2836 497 2897 ad
520 2838 662 2916 templum
684 2836 847 2897 Tritonidis
870 2836 975 2916 almae,
1064 2857 1103 2897 770

169 2942 226 3003 quo
249 2943 409 3004 numquam
430 2927 538 3005 pennis
560 2925 712 3005 appellunt
731 2923 859 3003 'corpora
881 2941 986 2985 raucae

99 3029 150 3080 745
169 3014 316 3094 cornices,
338 3030 398 3072 non
422 3031 490 3072 cum
512 3012 626 3073 sumant
649 3011 751 3072 altaria
775 3012 873 3071 donis:

168 3117 262 3178 usque
286 3098 359 3159 adeo
382 3100 507 3177 fugitant
530 3117 589 3159 non
612 3102 672 3160 iras
695 3097 821 3158 Palladis
845 3099 922 3157 acris

168 3185 304 3266 pervigili
328 3205 428 3267 causa,
452 3185 572 3247 Graium
594 3193 628 3248 ut
650 3188 785 3247 cecinere
808 3189 926 3264 poetae,

98 3281 153 3334 755
171 3274 223 3334 sed
245 3281 351 3335 natura
373 3273 435 3334 looi'
454 3293 527 3353 opus
550 3276 641 3335 efficit
663 3277 728 3354 ipsa
751 3279 861 3351 suapte.
1039 3327 1042 3336 .
1065 3294 1104 3335 700

170 3365 201 3423 in
226 3361 310 3442 Syria
333 3380 450 3442 quoque
473 3362 567 3424 fertur
589 3367 661 3423 item
683 3363 765 3422 locus
789 3378 855 3420 esse
878 3359 985 3440 videri,

97 3469 151 3518 750
171 3450 367 3530 quadripedes
391 3469 507 3530 quoque
532 3468 590 3530 quo
613 3451 701 3512 simul
724 3467 757 3509 ac
780 3450 903 3526 vestigia
925 3450 1054 3525 primum

169 3539 338 3621 intulerint,
360 3542 488 3618 graviter
511 3541 555 3600 vis
578 3546 663 3617 cogat
686 3537 841 3598 concidere
864 3538 940 3616 ipsa,
