2500 3882
597 269 625 324 Π
1064 270 1105 335 ot

96 434 157 484 680
177 417 293 478 reddita
316 422 384 477 sunt
406 434 473 477 oum
497 416 586 477 odore
609 419 640 477 in
662 418 780 498 primis,
802 417 944 497 pluraque
967 418 1043 478 dona
1068 432 1107 472 ost

177 595 250 654 haec
272 594 363 671 igitur
384 594 473 652 variis
497 591 605 653 dehent
627 600 762 654 constare
786 595 901 672 figuris:
1069 608 1108 649 ess

177 681 265 743 nidor
286 683 366 741 enim
387 687 522 760 penetrat
545 699 601 760 qua
624 681 708 742 fucus
731 700 791 742 non
814 685 838 742 it
860 685 891 742 in
913 689 1007 762 artus,

177 771 264 830 fucus
286 771 357 828 item
380 787 510 849 sorsum,
534 787 650 830 sorsum
673 772 948 848 superinsinuatur

98 873 162 926 685
178 856 328 936 sensibus3
350 864 384 918 ut
406 875 510 916 noscas
532 859 637 935 primis
660 857 779 918 differre
802 859 911 936 figuris.
1069 871 1109 912 oss

98 962 158 1013 685
179 944 337 1006 dissimiles
360 947 450 1023 igitur
472 945 583 1005 formae
606 945 804 1024 glomeramen
826 948 858 1007 in
880 965 971 1008 unum

178 1035 369 1115 conveniunt,
392 1039 422 1093 et
443 1051 492 1092 res
514 1036 659 1112 permixto
683 1037 795 1095 semine
819 1042 961 1095 constant.

178 1124 250 1201 quin
273 1123 360 1182 etiam
381 1123 492 1199 passim
514 1124 624 1181 nostris
646 1123 678 1181 in
700 1122 835 1183 versibus
859 1125 932 1202 ipsis

177 1209 270 1270 multa
292 1208 436 1270 elementa
457 1208 539 1269 vides
562 1209 663 1269 multis
686 1213 852 1271 communia
873 1211 985 1291 verbm,

102 1315 163 1366 690
177 1317 245 1359 oum
267 1304 365 1358 tamen
388 1299 466 1357 inter
489 1315 520 1357 se
543 1315 647 1357 versus
670 1315 703 1357 ac
725 1297 815 1358 verba
836 1306 988 1359 necessest
1069 1313 1108 1352 6⁹0

103 1403 160 1452 690
179 1387 336 1448 confiteare
359 1384 414 1446 alia
437 1403 473 1445 ex
496 1383 561 1445 aliis
584 1392 719 1445 constare
743 1385 909 1466 elementis3

178 1493 237 1535 non
261 1492 319 1552 quo
341 1473 432 1533 multa
453 1491 558 1552 parum
581 1476 745 1534 communis
767 1473 864 1533 littera
887 1481 986 1535 currat

179 1570 229 1624 aut
250 1561 330 1622 nulla
352 1563 431 1621 inter
453 1579 485 1620 se
509 1561 566 1620 duo
590 1563 650 1621 sint
673 1580 709 1621 ex
732 1561 869 1622 omnihus
891 1562 998 1643 isdem,

179 1651 231 1712 sed
255 1652 323 1728 quia
345 1667 405 1709 non
427 1649 511 1727 volgo
533 1651 616 1728 paria
639 1649 776 1711 omnibus
799 1652 896 1710 omnia
919 1657 1061 1711 constant.

105 1755 163 1808 695
177 1742 220 1799 sio
243 1737 308 1798 aliis
330 1740 362 1798 in
383 1736 473 1797 rebus
496 1739 568 1796 item
591 1741 756 1799 communia
778 1739 870 1799 multa
1069 1751 1108 1792 ⁶⁹5

106 1844 159 1896 seo
177 1825 337 1888 multarum
359 1843 460 1885 rerum
482 1844 550 1885 cum
573 1827 633 1886 sint
651 1827 824 1907 primordia,
847 1845 950 1887 eorum

179 1913 317 1976 dissimili
337 1921 436 1974 tamen
458 1915 536 1974 inter
559 1932 591 1974 se
614 1917 776 1975 consistere
800 1934 913 1975 summa

177 2009 315 2084 possunt3
338 2009 371 2062 ut
393 2003 498 2061 merito
522 2019 558 2061 ex
581 2001 646 2062 aliis
670 2010 804 2063 constare
827 2004 939 2063 feratur

178 2093 338 2152 humanum
361 2107 453 2168 genus
476 2095 506 2148 et
527 2089 627 2168 fruges
650 2088 826 2168 arbustaque
849 2090 931 2150 laeta.

108 2198 163 2249 700
204 2174 282 2238 'Nec
303 2185 401 2238 tamen
425 2177 601 2237 omnimodis
624 2181 738 2237 conecti
759 2196 846 2257 posse
865 2178 1056 2256 putandumst
1069 2192 1108 2232 too

109 2285 161 2337 τοο
180 2269 290 2328 omnia:
313 2284 380 2326 nam
403 2265 486 2343 volgo
509 2265 576 2324 fieri
597 2272 733 2344 portenta
755 2265 883 2346 videres,

180 2355 331 2416 semiferas
353 2355 505 2414 hominum
528 2355 642 2431 species
666 2355 805 2434 existere,
828 2360 858 2412 et
880 2352 953 2413 altos

179 2443 328 2504 interdum
350 2460 446 2503 ramos
470 2443 568 2520 egigni
591 2459 713 2519 corpore
736 2444 814 2525 vivo,

179 2531 328 2610 multaque
351 2532 465 2591 conecti
486 2531 641 2590 terrestria
662 2529 793 2591 membra
815 2533 950 2612 marinis,

111 2636 165 2689 705
179 2628 243 2681 tum
264 2619 410 2679 flammam
434 2625 526 2678 taetro
550 2620 688 2698 spirantis
712 2637 762 2679 ore
785 2618 954 2680 Chimaeras
1070 2632 1108 2673 τοῦ

112 2725 163 2776 705
180 2725 300 2788 pascere
323 2713 458 2767 naturam
479 2725 533 2785 per
555 2714 650 2767 terras
673 2709 891 2786 omniparentis.

182 2813 307 2875 qnorum
329 2794 371 2855 nil
393 2796 459 2854 fieri
481 2795 709 2876 manifestumst,
732 2797 829 2855 omnia
851 2795 966 2873 quando

181 2883 342 2945 seminibus
365 2884 454 2943 certis
478 2890 558 2943 certa
581 2885 728 2961 genetrice
752 2889 848 2943 creata

181 2990 354 3033 conservare
377 2989 470 3049 genus
492 2973 656 3031 crescentia
676 2988 764 3049 posse
786 2970 927 3031 videmus.

114 3077 166 3129 710
181 3060 306 3141 scilicet,
329 3060 358 3120 id
382 3067 462 3120 certa
484 3060 550 3119 fieri
572 3061 684 3120 ratione
707 3066 868 3119 necessust.
1069 3072 1108 3112 uo

115 3167 165 3218 tto
182 3167 249 3208 nam
272 3165 324 3208 sua
348 3151 453 3226 cuique
477 3147 550 3208 oihis
573 3165 610 3206 ex
632 3146 768 3206 omnibus
791 3150 870 3206 intus
894 3148 925 3205 in
948 3153 1028 3206 artus

182 3254 304 3316 corpora
327 3236 481 3296 discedunt
503 3253 670 3313 conexaque
696 3236 897 3295 convenientis

182 3325 314 3386 efficiunt
335 3331 443 3384 motus:
467 3330 496 3385 at
519 3331 621 3384 eontra
643 3322 737 3383 aliena
759 3322 891 3382 ridemus

181 3415 294 3474 reicere
317 3414 348 3472 in
370 3420 463 3472 terras
485 3419 632 3492 natmam3
654 3410 802 3490 multaque
826 3412 921 3471 caecis

115 3518 168 3570 715
180 3499 352 3580 corporibus
375 3500 490 3578 fugiunt
513 3519 529 3560 e
552 3517 687 3580 corpore,
709 3502 821 3578 percita
842 3499 949 3580 plagis,
1070 3510 1108 3552 ⁷1⁵

116 3607 165 3656 tto
183 3607 258 3670 quae
280 3606 376 3668 neque
399 3591 514 3650 conecti
537 3606 683 3668 quoquam
705 3595 827 3667 potuere
850 3605 946 3667 neque
969 3586 1038 3647 inde

862 3687 899 3740 4*
