2512 3874
588 239 629 294 IV

95 400 160 450 910
177 402 217 445 ne
240 384 307 444 fieri
329 386 444 462 negites
468 403 542 464 quae
566 385 661 446 dicam
683 404 786 469 posse,
810 395 950 467 retroque

96 487 157 538 895
178 470 434 551 vera⁸repulsanti
457 472 590 534 discedas
613 481 733 554 pectore
757 476 849 557 dicta,

178 567 304 622 tutemet
326 562 358 620 in
381 559 466 641 culpa
489 580 557 622 cum
580 564 622 622 sis
644 581 742 641 neque
765 582 888 624 cernere
911 567 1017 643 possis.
1079 586 1119 628 e1c

179 650 328 728 principio
353 666 474 709 somnus
496 649 530 710 fit
552 649 632 712 ubist
655 651 795 712 distracta
817 671 872 731 per
894 660 976 714 artus

179 739 225 798 vis
248 739 363 797 animae
385 739 552 816 partimque
576 738 653 798 loras
677 741 772 800 eiecta
793 743 919 800 recessit

99 840 163 892 915
180 831 211 885 et
232 826 340 904 partim
364 831 502 885 contrusa
524 829 618 904 magis
641 830 788 888 concessit
809 830 840 888 in
864 827 968 889 altum:

63 935 67 942 ·
100 929 161 979 900
182 911 387 973 dissoluuntur
409 915 488 972 euim
511 920 574 975 tum
597 913 716 975 demum
738 915 871 976 membra
893 917 1056 995 lluuutque.

179 1018 249 1062 nam
272 999 395 1060 dubium
418 1018 478 1061 uon
501 1008 558 1081 est,
582 1004 691 1062 animai
713 1005 785 1082 quin
808 1022 897 1084 opera
920 1007 960 1066 sit
1080 1027 1119 1067 eso

182 1107 288 1150 sensus
310 1087 360 1149 bic
382 1090 415 1148 in
436 1089 537 1170 nobis,
560 1107 648 1168 quem
671 1109 739 1152 cum
762 1110 852 1170 sopor
874 1093 988 1172 inpedit
1011 1111 1091 1174 esse,

179 1185 244 1238 tum
267 1176 353 1237 uobis
376 1178 502 1237 animam
524 1177 726 1256 perturbatam
748 1198 814 1240 esse
837 1181 1029 1259 putandumst

104 1268 363 1345 920eiectamque
386 1265 478 1346 loras3
501 1282 561 1325 nou
584 1284 714 1326 omnem:
737 1285 863 1345 namque
886 1271 996 1329 iaceret

104 1369 162 1421 905
182 1360 303 1414 aeterno
326 1371 434 1432 corpus
456 1354 610 1432 perfusum
633 1354 742 1433 frigore
765 1355 825 1415 leti.

182 1444 304 1521 quippe,
326 1440 378 1501 ubl
400 1440 481 1501 nulla
503 1439 597 1502 lateus
620 1444 728 1502 animai
750 1461 818 1521 pars
841 1450 1009 1503 remaneret
1080 1464 1120 1506 sss

181 1532 214 1590 in
236 1527 391 1608 membris,
413 1531 513 1589 cinere
537 1535 570 1589 ut
591 1529 684 1590 multa
705 1529 776 1590 latet
798 1529 921 1590 obrutus
944 1532 1034 1611 iguis,

180 1617 260 1678 unde
284 1616 441 1677 reconflari
463 1634 568 1677 seusus
591 1635 645 1695 per
667 1617 799 1682 membra
822 1624 944 1697 repente
1051 1629 1053 1638 ’

105 1722 167 1774 925
181 1712 296 1785 posset,
318 1711 352 1765 ut
375 1722 411 1764 ex
433 1707 496 1782 igni
519 1723 606 1765 caeco
629 1723 809 1784 consurgere
831 1703 969 1767 flamma?

106 1810 163 1874 919
227 1793 285 1853 Sed
308 1791 415 1871 quibus
438 1792 510 1853 haec
533 1791 623 1854 rebus
646 1796 760 1854 novitas
783 1795 903 1875 confiat,
926 1802 957 1856 et
978 1796 1056 1856 uude

130 1941 134 1948 ,
181 1880 351 1961 perturbari
373 1882 469 1940 anima
493 1888 522 1941 et
545 1900 651 1960 corpus
675 1881 865 1960 languescere
887 1885 995 1964 possit,
1080 1906 1120 1949 eso

183 1969 349 2048 expediam:
372 1974 405 2028 tu
428 1969 473 2028 lac
495 1987 533 2028 ne
556 1972 651 2029 ventis
674 1969 764 2030 verba
786 1971 970 2048 profundam.

181 2058 329 2136 principio
353 2063 474 2116 externa
497 2073 604 2134 corpus
627 2056 664 2116 de
686 2064 769 2135 parte
792 2066 991 2139 necessumst,

107 2161 167 2213 930
181 2147 270 2205 aeriis
294 2146 433 2223 quoniam
454 2146 585 2204 vicinum
606 2147 738 2223 tangitur
761 2147 855 2225 0000,

108 2249 163 2300 915
182 2233 303 2294 tundier
326 2239 413 2312 atque
437 2234 501 2292 eius
524 2231 629 2293 crebro
652 2231 799 2310 pulsarier
821 2235 896 2312 ictu,

183 2328 398 2400 proptereaque
421 2321 483 2380 lere
506 2338 555 2380 res
578 2338 681 2380 omues
705 2327 755 2380 aut
777 2321 858 2380 corio
882 2327 952 2380 sunt
1081 2343 1120 2383 ess

183 2411 344 2470 autetiam
367 2409 487 2469 conchis
510 2415 560 2468 aut
583 2407 657 2469 callo
680 2415 730 2468 aut
752 2409 862 2468 cortice
886 2415 989 2469 tectae.

184 2499 357 2558 interiorem
380 2499 468 2557 etiam
490 2503 605 2575 partem
629 2495 810 2574 spirantibus
833 2500 884 2555 aer

108 2599 167 2652 935
183 2585 320 2646 verberat
341 2585 390 2645 bic
412 2585 504 2665 idem,
528 2602 595 2644 cum
618 2584 737 2645 ducitur
759 2591 847 2662 atque
870 2583 1000 2644 reflatur.

109 2688 165 2740 920
183 2691 274 2752 quare
296 2675 446 2751 utrimque
469 2689 556 2732 secus
578 2690 648 2732 cum
671 2690 778 2751 corpus
801 2671 930 2753 vapulet,
953 2679 983 2732 et
1006 2690 1073 2733 cum

183 2763 357 2841 perveniant
377 2760 479 2839 plagae
501 2778 556 2838 per
577 2779 667 2839 parva
689 2760 833 2820 foramina
855 2760 941 2820 nobis
1082 2782 1121 2822 cao

184 2851 317 2929 corporis
340 2847 376 2908 ad
399 2850 510 2927 primas
533 2850 626 2925 partis
650 2846 854 2926 elementaque
877 2850 985 2928 prima,

183 2938 217 2998 lit
240 2938 325 3016 quasi
346 2935 486 3014 paulatim
508 2935 594 2995 nobis
618 2954 672 3014 per
694 2935 827 2996 membra
850 2938 943 2996 ruina,

109 3042 167 3094 940
183 3024 397 3086 conturbantur
419 3026 499 3084 euim
521 3025 672 3102 positurae
695 3026 910 3102 principiorum

110 3132 163 3180 aas
183 3114 318 3192 corporis
341 3120 428 3190 atque
452 3113 550 3171 animi.
587 3112 621 3171 lit
643 3113 689 3172 uti
711 3129 779 3190 pars
802 3111 871 3171 inde
895 3112 1003 3170 animai

182 3203 319 3281 eiciatur,
343 3207 372 3260 et
394 3201 557 3260 introrsum
580 3217 649 3278 pars
673 3197 769 3259 abdita
793 3197 890 3278 cedat,
1082 3221 1121 3261 aas

181 3308 250 3369 pars
274 3291 362 3348 etiam
385 3287 526 3348 distracta
548 3305 602 3365 per
625 3293 706 3347 artus
729 3304 789 3347 non
813 3293 901 3364 queat
923 3304 989 3347 esse

182 3379 338 3438 coniuncta
360 3379 439 3436 inter
462 3393 494 3434 se
519 3392 614 3454 neque
638 3381 720 3434 motu
743 3379 844 3434 mutua
865 3374 961 3452 lungi:

108 3482 165 3534 945
180 3468 259 3526 inter
282 3466 362 3526 euim
384 3465 479 3542 saepit
502 3469 604 3524 coetus
623 3470 729 3523 natura
751 3464 885 3540 viasque:

108 3570 161 3622 aso
180 3572 252 3633 ergo
276 3571 382 3614 sensus
404 3552 465 3613 abit
487 3553 608 3612 mutatis
632 3549 762 3612 motibus
785 3549 856 3631 alte,
