2500 3882
628 228 640 284 Ι
1093 230 1136 295 25

201 393 238 436 ex
261 374 435 453 alienigenis
458 377 623 436 consistant
645 375 724 455 ligna
746 384 911 458 necessest,

202 481 239 524 ex
262 462 449 542 alienigenis,
471 481 546 542 quae
568 463 657 542 lignis
680 467 861 526 exorimitur.
1097 480 1138 522 sn

126 557 187 612 875
244 550 402 629 Linquitur
424 551 474 614 hic
498 551 641 630 quaedam
663 551 797 616 latitandi
819 554 903 632 copia
925 555 1034 634 188818,
1097 567 1136 608 su

127 646 183 698 870
201 639 232 700 id
256 638 333 718 quod
355 639 542 717 Anaxagoras
565 639 624 700 sibi
646 643 749 722 sumit,
771 647 805 704 ut
828 639 964 704 omnibus
988 643 1083 702 omnis

202 745 251 788 888
273 733 357 806 putet
379 728 518 788 inmixtas
541 726 631 788 rebus
654 727 783 808 18111888,
807 729 861 790 sed
882 728 955 790 illud

202 833 343 894 apparere
365 833 472 896 unum,
496 817 581 878 cuius
604 817 664 876 sint
685 815 813 895 plurima
835 818 927 880 881818

203 909 234 962 81
255 904 349 981 magis
372 905 404 962 in
426 910 565 983 promptu
586 905 741 982 primaque
764 906 796 966 in
818 905 915 966 188818
938 904 1040 967 locata.

128 998 189 1050 888
202 990 280 1069 quod
302 997 401 1050 tamen
423 1009 441 1051 a
463 1009 531 1052 8888
554 990 640 1071 longe
660 994 776 1054 rationo
798 992 986 1074 repulsumst.
1098 1005 1137 1048 ⁸⁸⁰

129 1085 184 1136 8⁷5
205 1077 397 1144 conveniebat
419 1080 500 1143 onim
522 1080 622 1159 fruges
645 1099 762 1160 quoque
786 1097 889 1162 saepe,
909 1083 1019 1144 minaei

203 1166 310 1228 robore
333 1185 401 1230 eum
423 1169 488 1230 saxi
510 1167 699 1249 franguntur,
721 1171 839 1230 mittere
863 1172 979 1248 signum

205 1257 356 1335 sanguinis
378 1262 433 1319 881
449 1255 575 1337 aliquid,
596 1264 698 1319 nostro
722 1273 944 1336 quaecorpore
968 1254 1092 1318 aluntur.

626 1362 645 1401 ‚g

135 1499 139 1506 ,
202 1338 273 1494 Η8818
294 1430 385 1509 lapidi
406 1429 534 1509 lapidem
556 1433 693 1514 terimus,
715 1449 835 1494 manare
857 1428 1031 1510 cruoreml

130 1527 190 1579 885
205 1518 352 1581 consimili
374 1520 488 1578 ratione
510 1516 618 1578 herbas
641 1537 758 1598 quoque
780 1537 868 1598 saepe
891 1518 1013 1579 decebat
1098 1531 1137 1573 sss

131 1614 186 1665 888
205 1613 235 1668 81
257 1605 362 1670 8811888
382 1604 480 1674 ,dulcis
503 1612 600 1684 guttas
624 1606 773 1685 similique
795 1623 900 1686 sapore

204 1697 336 1775 mittere,
359 1692 507 1772 lanigerae
530 1693 609 1773 quali
631 1701 702 1756 sunt
723 1693 814 1756 ubere
838 1694 937 1777 188118,

206 1781 331 1864 scilicet,
354 1789 384 1844 81
406 1781 500 1860 glebis
522 1788 670 1850 terrorum
692 1801 780 1863 saepe
803 1783 898 1844 friatis

137 1903 142 1910 ·
204 1869 363 1934 herbarum
385 1888 495 1949 genera
516 1877 547 1931 81
569 1869 669 1948 fruges
692 1871 870 1950 frondesque
892 1871 986 1934 videri

132 1966 192 2020 890
205 1959 359 2039 dispertita
381 1959 460 2022 inter
481 1964 593 2020 terram
615 1957 729 2024 latitare
751 1962 878 2040 minute,
1098 1974 1138 2015 sco

132 2057 187 2107 888
204 2054 354 2127 postremo
376 2048 408 2108 in
430 2046 519 2124 lignis
541 2047 673 2109 cinerem
695 2047 866 2126 fumumque
888 2047 994 2128 videri,

206 2152 274 2196 cum
296 2134 459 2213 praefracta
482 2133 592 2214 188881,
615 2136 751 2214 ignisque
773 2134 866 2196 latere
887 2137 1025 2198 minutos.

206 2240 333 2303 quorum
354 2221 397 2284 nil
419 2223 485 2284 fieri
508 2223 647 2300 quoniam
669 2221 826 2282 manifesta
848 2222 933 2282 docet
954 2241 1017 2304 res,

140 2377 143 2382 ,
206 2313 283 2371 88188
305 2310 377 2371 11881
397 2327 456 2371 888
479 2326 545 2370 esse
567 2311 599 2370 in
621 2307 713 2370 rebus
735 2326 783 2368 res
806 2311 847 2370 ita
869 2311 988 2391 8818188,

133 2407 191 2459 895
204 2416 307 2461 verum
329 2399 445 2461 semina
464 2396 646 2460 multimodis
668 2398 791 2459 18881818
813 2395 904 2458 181888
1098 2412 1138 2456 aso

133 2496 188 2546 880
205 2486 363 2548 multarum
385 2503 486 2548 rerum
508 2487 540 2548 in
559 2483 653 2546 robus
674 2487 841 2548 communia
864 2483 981 2547 debent.

250 2571 298 2636 ‘dt
320 2592 408 2653 saepo
430 2575 462 2636 in
483 2574 599 2652 magnis
621 2573 655 2634 fit
676 2567 839 2636 montibus'
861 2574 962 2652 inquis
985 2568 1029 2635 ‘ut
1051 2574 1118 2636 81118

206 2662 360 2724 arboribus
383 2663 479 2725 vicina
501 2662 654 2724 cacumina
677 2678 791 2726 summa
813 2668 947 2724 terantur

205 2754 283 2812 18188
305 2769 351 2832 se,
373 2749 478 2810 validis
500 2748 596 2812 188888
620 2748 650 2813 id
674 2748 847 2828 cogentibus
870 2752 993 2831 austris,

134 2848 190 2901 900
204 2840 297 2900 donec
319 2838 448 2902 llammai
468 2836 615 2898 fulserunt
636 2836 710 2898 11888
733 2832 854 2898 coorto?
1098 2850 1138 2892 ooo

135 2936 187 2987 888
205 2927 332 3008 88111881,
355 2934 385 2988 81
405 2943 467 2988 non
489 2932 536 2986 est
556 2924 645 3003 lignis
667 2932 767 2988 tamen
790 2927 897 2988 insitus
920 2926 1012 3005 ignis,

204 3033 307 3076 rerum
330 3016 443 3079 semina
465 3020 534 3074 sunt
556 3013 670 3076 ardoris
693 3013 798 3094 multa,
820 3011 944 3074 terendo

205 3122 280 3182 quae
303 3122 371 3164 oum
393 3099 575 3182 8881188888,
601 3108 702 3164 creant
725 3101 862 3164 incendia
884 3099 979 3162 silvis:

204 3192 283 3271 quod
306 3193 333 3253 si
355 3191 430 3254 18818
452 3189 529 3252 18881
550 3187 633 3250 silvis
656 3188 826 3252 abscondita
848 3187 979 3269 1188888,

130 3287 188 3341 905
200 3298 261 3341 non
283 3285 406 3359 possent
427 3277 520 3340 ullum
542 3283 659 3356 tempus
683 3277 806 3339 celarier
829 3278 926 3356 ignes,
1098 3288 1138 3330 cos

131 3377 185 3428 900
203 3369 384 3430 conficerent
405 3364 489 3444 volgo
513 3365 615 3445 silvas,
638 3364 757 3426 arbusta
779 3372 953 3426 cremarent.

201 3460 300 3520 iamne
323 3455 405 3518 rides
428 3456 531 3534 igitur,
553 3451 641 3531 paulo
666 3453 743 3531 quod
767 3453 894 3515 diximus
918 3459 999 3533 8818,

201 3545 355 3626 permagni
377 3542 488 3603 8818888
511 3539 615 3602 eadem
636 3539 798 3620 primordia
821 3558 909 3620 saepe
