2496 3876
136 193 202 248 xvl
498 191 780 247 PROLEGOHEXA.

137 343 169 400 in
191 358 227 399 eo
250 340 382 398 invenire
405 339 484 417 quod
506 338 562 398 tibi
582 341 681 398 minus
701 338 818 417 placere
835 338 918 397 ditas
935 340 1034 416 itaque
1051 337 1146 398 levis-

137 431 213 488 siano
233 429 365 507 crimine,
387 430 479 486 immo
496 445 706 504 nonnunquam
724 445 848 505 prorsus
864 444 949 506 nno,
970 426 1147 486 damnatum

137 516 173 575 ad
200 517 300 575 nescio
327 533 416 593 mem
442 514 682 592 interpolatorem
708 515 830 574 referre.
874 514 910 573 ad
938 513 1017 591 quod
1040 521 1145 573 tamen

137 603 300 663 sommium
322 621 473 680 nunquam
494 620 554 661 non
576 605 608 661 in
629 609 769 681 promptu
787 621 819 661 se
837 602 966 660 offerens
984 609 1147 678 antequam

138 692 336 770 confugiatur,
361 689 439 750 baud
467 692 529 749 scio
556 707 593 748 an
614 689 773 750 ridendum
795 692 848 769 sit,
875 697 995 749 certane
1016 692 1147 767 vestigia

138 781 284 839 sermonis
314 797 331 837 a
356 776 477 837 Lucreti
508 780 626 856 ingenio
658 785 688 837 et
719 785 781 838 arte
808 777 897 836 alieni
923 783 1083 856 appareant
1110 780 1147 837 in

137 867 245 946 verbis,
267 864 314 924 vel
334 865 441 924 babeat
462 869 607 925 sententia
630 866 708 943 quod
732 867 804 925 ierri
826 865 906 925 nullo
928 865 1016 924 modo
1036 867 1146 942 possit

139 957 211 1032 quin
233 956 321 1012 etiam
342 955 474 1031 siquam
492 956 662 1013 canussime
680 972 767 1032 agere
785 953 874 1032 voles,
896 953 1056 1012 ridendum
1074 955 1146 1033 erit,

138 1043 273 1120 possisne
309 1059 427 1100 causam
462 1045 642 1121 excogitare,
677 1060 734 1119 qua
770 1041 877 1100 ductus
909 1040 1003 1100 lector
1033 1039 1145 1118 aliquis

139 1147 208 1188 enm
234 1147 322 1206 wem
348 1131 380 1188 in
407 1131 607 1207 suspicionem
633 1147 720 1189 rocas
745 1147 864 1188 versum
891 1129 1018 1188 finxerit
1065 1147 1145 1206 quae

139 1219 236 1276 cautio
268 1235 336 1276 cum
366 1235 434 1276 raro
464 1219 497 1276 in
526 1235 665 1277 versuum
697 1216 932 1277 damnationibus
958 1215 1146 1296 adhibeatur,
1223 1235 1224 1264 i

138 1303 294 1383 plerosque
339 1305 485 1364 eiusmodi
520 1313 643 1365 conatus
677 1323 738 1365 non
782 1303 1025 1364 commemorabo.
1086 1305 1146 1364 latit

140 1392 259 1471 quidem
291 1395 344 1471 qni
374 1393 486 1453 diceret
517 1412 685 1453 sermonem
710 1393 920 1453 Lucretianum
945 1409 1005 1451 non
1030 1391 1145 1452 babere

139 1489 219 1541 certa
246 1483 329 1558 signa
356 1481 465 1558 quibus
491 1480 726 1558 dignosceretur:
757 1484 806 1541 cui
832 1483 872 1540 ita
899 1497 959 1540 non
986 1483 1145 1561 assentior,

138 1577 173 1628 nt
195 1567 369 1627 contendam
391 1568 501 1627 nullius
523 1577 627 1646 poetae
650 1568 733 1628 latini
753 1587 856 1628 versus
874 1567 991 1628 lacibus
1007 1567 1145 1644 dignosci

139 1673 226 1734 posse
259 1674 346 1732 qaaam
376 1654 510 1734 Lucreti,
545 1655 702 1716 dummodo
733 1659 801 1735 quis
832 1659 896 1716 eius
927 1657 1080 1733 ingenium
1113 1663 1145 1716 et

140 1751 234 1802 artem
256 1745 375 1820 penitus
396 1746 573 1820 cognoverit

227 1829 398 1890 Proximum
429 1839 475 1890 est
505 1840 539 1890 ut
569 1831 606 1891 de
636 1831 772 1892 versibus
803 1835 835 1891 in
860 1831 981 1891 Lucreti
1011 1833 1143 1891 carmine

140 1919 275 1996 repetitis
301 1917 405 1978 dicam
449 1921 546 1979 extitit
571 1922 664 2000 enim,
692 1923 757 2000 qui,
783 1937 851 1979 cum
872 1919 1015 1998 plurimos
1037 1937 1144 1979 versus
1225 1951 1226 1956 κ

142 2005 318 2086 singulares,
339 2005 482 2084 plurimas
504 2011 678 2088 sententias,
699 2025 760 2068 non
781 2026 891 2086 paucos
913 2007 1040 2085 denique
1063 2013 1144 2068 totos

141 2093 221 2154 locos
243 2095 275 2154 in
296 2093 416 2154 Lucreti
437 2093 522 2154 libris
545 2098 686 2174 repetitos
704 2103 804 2156 extare
821 2095 943 2176 rideret,
964 2094 1144 2155 contendere

141 2182 263 2242 auderet
293 2189 410 2260 poetam
441 2183 503 2242 lere
534 2182 571 2242 ab
606 2183 749 2243 iterandis
784 2182 919 2243 versibus
954 2181 1144 2243 abstinuisse.

141 2288 229 2349 quem
256 2272 392 2331 iuvenem
418 2277 449 2330 et
475 2273 679 2332 acutissimum
705 2279 736 2332 et
761 2271 978 2351 doctissimum,
1005 2269 1145 2331 Carolum

141 2357 324 2438 Gneissium,
360 2361 412 2436 qui
444 2358 682 2420 dissertationem
714 2359 750 2419 de
781 2358 917 2418 versibus
948 2361 981 2418 in
1010 2357 1145 2418 Lucretii

142 2447 271 2504 carmine
308 2448 443 2522 repetitis
474 2449 615 2526 scriptam
645 2447 737 2507 edidit
771 2447 957 2525 Argentorati
988 2464 1013 2506 a
1047 2443 1145 2527 1878,

142 2533 256 2608 magnis
278 2532 422 2591 excidisse
446 2536 526 2592 ausis
548 2534 745 2595 demonstravi
766 2537 798 2595 in
821 2553 887 2594 ann
909 2531 1145 2614 Lucret1879,

141 2637 170 2697 p.
198 2615 261 2680 201
295 2636 357 2698 sqq.
413 2627 512 2680 extant
543 2623 623 2680 enim
655 2624 687 2682 in
718 2625 847 2682 carmine
878 2623 910 2682 bi
940 2629 1054 2682 tantum
1085 2622 1146 2683 loci

141 2709 268 2768 maiores
286 2725 346 2767 non
363 2726 380 2766 a
398 2715 484 2786 poeta
502 2710 567 2787 ipso
586 2712 697 2770 iterati:
714 2709 728 2769 l
745 2706 886 2791 44—49,
905 2710 942 2770 tv
959 2707 1145 2790 att-229,

141 2792 367 2876 v128-137,
389 2795 426 2854 Vl
448 2793 632 2878 383-385,
656 2798 692 2858 de
715 2816 842 2876 quorum
863 2816 1040 2877 unoquoque
1062 2797 1144 2876 leges

142 2901 195 2944 suo
214 2883 287 2944 loco.
324 2890 357 2944 ut
378 2883 410 2944 bi
433 2883 499 2965 loci,
522 2888 566 2945 sic
588 2888 676 2946 etiam
699 2889 751 2964 qui
768 2886 877 2964 singuli
894 2886 941 2946 vel
958 2886 1023 2947 bini
1039 2904 1144 2947 versus

141 2971 178 3032 ab
196 2970 406 3052 interpolatore
425 2972 522 3050 aliquo
541 2977 660 3051 repetiti
676 2982 755 3056 sunt,
772 2978 804 3035 in
817 2975 958 3034 inferiore
971 2977 1145 3053 paginarum

141 3061 273 3138 margine
296 3059 514 3121 indicabuntur.

229 3147 284 3207 llic
311 3155 377 3209 ante
400 3151 511 3229 omnia,
538 3151 564 3209 si
592 3149 662 3228 quid
685 3150 778 3230 rideo,
801 3149 872 3210 illud
896 3150 1068 3229 fugiendum
1091 3157 1145 3230 est,

142 3251 193 3314 ne,
225 3236 251 3294 si
286 3239 337 3314 qui
364 3236 445 3297 locus
472 3236 528 3317 ibi,
559 3237 611 3298 ubi
638 3241 774 3319 iteratur,
805 3257 865 3298 non
893 3238 1029 3298 omnibus
1055 3238 1145 3298 rebus

141 3325 311 3402 aptissimus
338 3324 484 3404 videatur,
512 3327 576 3385 sine
603 3325 663 3386 ulla
690 3326 871 3387 dubitatione
894 3344 1035 3405 negemus
1057 3343 1145 3405 posse

141 3409 177 3471 ab
201 3412 265 3491 ipso
289 3418 374 3491 poeta
400 3415 558 3491 repetitum
581 3432 654 3474 esse.
700 3417 731 3474 in
753 3415 800 3476 lais
823 3418 903 3475 enim
925 3415 1015 3475 rebus
1038 3421 1145 3492 quanta

141 3501 276 3561 cautione
304 3517 378 3580 opus
406 3508 498 3583 esset,
526 3509 593 3563 ante
615 3503 670 3563 hos
692 3502 876 3581 undeviginti
898 3520 1004 3583 annos,
1030 3504 1049 3562 i.
1073 3520 1098 3562 e.
1122 3521 1146 3562 a.
