2500 3882
109 125 152 189 20
605 123 618 178 Ῑ

110 277 165 329 690
180 271 278 331 dicere
301 288 389 351 porro
412 273 512 350 ignem
532 288 583 331 res
607 273 702 332 omnis
726 271 805 352 esse,
828 290 925 350 neque
948 269 1039 332 ullam
1078 286 1121 326 ceo

111 365 244 419 osorem
266 377 365 418 veram
388 361 419 419 in
442 376 565 419 numero
589 375 689 420 rerum
712 367 848 421 constare
871 362 930 420 nisi
952 362 1067 441 ignem,

182 446 263 525 quod
282 447 353 507 lacit
373 447 422 507 hic
444 445 538 526 idem,
560 445 741 526 perdelirum
763 465 830 508 esse
852 448 977 510 videtur.

180 553 248 595 nam
272 542 373 596 contra
396 551 501 594 sensus
524 533 560 596 ab
584 533 722 595 sensibus
745 537 809 614 ipse
832 543 977 615 repugnat

182 629 211 682 et
233 623 389 683 labefactat
410 640 474 703 eos,
497 622 575 682 unde
598 623 696 683 omnia
718 623 830 683 credita
852 623 995 704 pendent,

111 717 166 768 695
179 711 259 772 unde
281 711 329 770 hic
353 713 487 788 cognitus
510 717 556 771 est
577 712 637 789 ipsi
660 728 747 789 quem
771 713 904 772 nominat
923 714 1038 790 ignem:
1079 723 1122 766 ees

111 805 162 856 690
181 798 276 858 credit
298 799 377 859 enim
400 817 506 858 sensus
529 801 628 876 ignem
651 815 829 877 cognoscere
851 814 934 880 vere,

181 894 279 946 cetera
301 904 361 946 non
384 886 493 966 credit,
515 902 589 964 quae
611 885 672 946 nilo
696 886 774 946 clare
796 889 894 947 minus
918 895 995 948 sunt.

182 973 260 1052 quod
282 973 356 1034 milri
379 993 446 1034 cum
468 991 575 1034 vanum
597 981 661 1034 tum
684 973 810 1035 delirum
833 993 899 1035 esse
922 973 1051 1035 videtur:

183 1080 240 1140 quo
263 1062 427 1123 referemus
451 1058 552 1122 enim?
589 1062 768 1140 quidnobis
791 1063 902 1126 certius
924 1065 998 1142 ipsis

112 1154 167 1206 700
183 1149 319 1212 sensibus
343 1168 408 1212 esse
431 1156 542 1230 potest,
565 1151 616 1228 qui
638 1167 706 1211 vera
728 1169 763 1210 ac
785 1150 857 1210 falsa
879 1147 1040 1212 notemus?
1079 1165 1122 1204 ‘100

112 1243 164 1292 695
182 1244 335 1316 praeterea
359 1256 449 1316 quare
472 1240 628 1316 quisquam
649 1240 744 1316 magis
767 1241 865 1299 omnia
887 1238 968 1299 tollat

183 1333 213 1386 et
234 1326 305 1386 velit
327 1326 442 1388 ardoris
464 1333 599 1386 natrrram
622 1326 757 1404 linquere
779 1325 886 1407 solam,

183 1433 271 1493 quam
293 1421 382 1492 neget
404 1433 469 1476 esse
492 1417 579 1494 ignis,
599 1411 724 1492 quidese
744 1421 844 1474 temen
862 1431 928 1475 esse
946 1413 1122 1492 relinquat?

183 1520 275 1581 aequa
298 1503 413 1562 videtur
436 1505 516 1563 enim
538 1502 685 1562 dementia
708 1502 808 1562 (licere
829 1510 997 1581 utrumque.

113 1593 168 1645 705
225 1590 409 1668 Quapropter
431 1593 483 1668 qui
505 1592 659 1649 materiem
682 1607 783 1650 rerum
805 1609 871 1650 esse
894 1597 1036 1670 putarunt
1078 1605 1122 1646 ros

114 1685 165 1735 100
183 1679 283 1754 ignem
306 1684 393 1755 atque
416 1695 452 1738 ex
475 1679 537 1755 igni
560 1695 703 1737 summam
725 1679 889 1739 consistere
911 1696 1013 1759 posse,

179 1771 209 1824 et
232 1767 283 1842 qui
305 1766 485 1844 principium
508 1765 665 1843 gignundis
684 1770 752 1825 aera
774 1765 863 1826 rebus
950 1801 952 1808 >

184 1855 377 1933 constituere,
400 1859 452 1912 aut
472 1871 607 1913 umorem
630 1855 807 1932 quicumque
828 1859 971 1933 putarunt

181 1941 295 2018 fingere
317 1957 367 2000 res
389 1943 487 2019 ipsum
509 1959 563 2020 per
585 1959 631 2023 se,
652 1948 798 2002 terramve
822 1959 922 2003 creare

114 2035 167 2086 710
184 2031 281 2090 omnia
303 2035 334 2089 et
355 2030 388 2088 in
409 2046 510 2090 rerum
532 2035 652 2089 naturas
674 2030 784 2090 vertier
806 2033 916 2111 omnis,
1078 2045 1121 2086 no

114 2124 166 2174 105
183 2135 289 2196 magno
313 2135 402 2197 opere
424 2135 442 2177 e
463 2136 533 2179 vero
556 2117 642 2196 longe
665 2117 800 2178 derrasse
823 2119 966 2179 videntur.

184 2205 258 2267 adde
282 2208 370 2266 etiam
392 2209 444 2284 qui
466 2205 674 2284 conduplicent
695 2204 857 2284 primordia
880 2223 980 2267 rerum

185 2299 253 2354 aera
275 2297 431 2373 iungentes
455 2296 517 2373 igni
538 2301 708 2373 terramque
730 2293 851 2375 liquori,

185 2388 215 2442 et
238 2385 289 2460 qui
312 2388 449 2461 quattuor
472 2400 507 2442 ex
530 2381 619 2442 rebus
641 2399 729 2460 posse
753 2385 850 2442 omnia
872 2389 976 2444 rentur

115 2477 168 2526 715
184 2488 221 2530 ex
242 2472 305 2546 igni
327 2476 407 2530 terro
429 2476 516 2548 atque
540 2471 636 2530 anima
659 2487 849 2549 procrescere
872 2477 902 2530 et
923 2471 1019 2531 imbri.
1078 2486 1118 2526 ne

115 2564 166 2614 110
186 2575 311 2636 quorum
333 2557 545 2636 Acragantinus
568 2559 762 2636 cumprimis
785 2557 977 2638 Empedocles
1001 2566 1059 2639 est,

185 2643 281 2705 insula
304 2663 392 2723 quem
413 2647 569 2724 triquetris
592 2651 739 2706 terrarum
762 2649 855 2724 gessit
877 2649 907 2706 in
930 2649 1004 2727 oris,
1039 2661 1041 2666 ’

185 2751 273 2812 quam
296 2733 414 2794 fluitans
438 2735 549 2794 circum
571 2734 687 2812 magnis
708 2734 887 2795 anfractibus
910 2753 1020 2814 aequor

184 2819 299 2882 lonium
322 2820 433 2900 glaucis
456 2825 585 2901 aspargit
607 2824 688 2883 virus
711 2822 746 2882 ab
769 2823 871 2905 undis,

115 2918 173 2969 110
184 2917 366 2989 angustoque
389 2910 467 2970 fretu
489 2910 625 2989 rapidum
647 2928 728 2972 mare
751 2910 855 2971 11111111
877 2910 992 2971 undans
1079 2926 1116 2965 no

116 3000 285 3061 7151taliae
307 3007 455 3060 terrarum
473 3017 539 3060 oras
562 3017 579 3059 a
601 2999 710 3060 linibus
733 3001 805 3059 eins.

185 3088 234 3148 hie
257 3095 303 3149 est
324 3094 406 3148 vasta
430 3085 604 3169 Charybdis,
627 3095 657 3148 et
678 3087 727 3149 hic
748 3088 875 3148 Aetnaea
898 3089 1048 3148 minentur

185 3195 337 3237 murmura
359 3176 542 3237 flammarum
564 3194 683 3236 rursum
707 3195 739 3236 se
761 3175 899 3254 colligere
921 3177 995 3256 iras,

187 3262 319 3323 faucibus
341 3271 479 3326 eructans
503 3266 608 3327 iterum
633 3267 678 3324 vis
700 3272 733 3324 ut
755 3271 852 3324 vomat
874 3265 951 3342 ignis

117 3357 172 3409 725
188 3350 223 3410 ad
246 3349 417 3429 caelumque
440 3353 515 3414 ferat
537 3354 665 3415 llemmai
688 3351 804 3431 fulgura
826 3369 953 3412 rursum.
1080 3365 1117 3406 ns

118 3445 168 3495 110
188 3455 261 3517 quae
285 3455 352 3498 cum
374 3458 478 3518 magna
501 3442 596 3503 modis
618 3441 719 3503 multis
742 3439 875 3500 miranda
898 3438 1014 3499 videtur
