2496 3876
492 193 772 252 PROLEGOMENA.
1058 192 1136 248 XVII

124 337 224 422 1875,
257 341 455 402 demonstravi
487 359 553 403 ann.
586 341 684 421 philol.
718 361 745 421 p.
770 339 843 423 623,
875 349 905 402 et
936 342 1135 402 demonstravi

123 428 262 508 exemplo
294 428 535 491 luculentissimo.
585 430 634 490 hio
670 432 801 509 primum
833 432 903 490 sciri
935 436 1051 509 oportet
1076 428 1134 489 Lu-

125 520 254 580 cretium
276 519 318 578 ita
341 535 456 597 quoque
479 517 613 578 versibus
637 517 779 579 iterandis
799 518 947 598 delectari,
969 525 1003 578 ut
1022 536 1057 577 ex
1076 516 1133 576 alio

124 607 193 667 loco
212 607 348 684 repetitis
365 623 456 666 novos
475 604 622 686 adiungat,
639 606 720 667 velut
737 606 755 667 l.
774 607 787 666 l
804 605 940 666 versibus
960 601 1132 666 140-142

123 693 209 757 burto
239 692 335 774 ipitor
366 695 509 754 terrorem
541 692 642 755 animi
673 702 728 755 eto.
760 696 792 754 in
818 694 887 754 1.ss
913 695 1047 772 repetitis
1079 694 1133 753 hos

109 781 303 863 praemittit:
321 800 397 844 nom
410 779 502 844 veluti
513 780 607 862 paeri
621 790 685 864 ete,
702 801 746 842 vv.
761 779 901 844 55-58.
934 781 1030 842 simile
1049 781 1133 859 qnid-

128 873 198 932 dam
220 871 289 931 lacit
311 872 342 930 in
366 889 400 930 ea
423 873 638 949 comparatione
663 889 737 950 quae
761 878 806 931 est
827 872 975 930 variarum
992 871 1133 930 materiae

127 960 289 1020 formarum
332 977 398 1018 oum
434 957 554 1039 litteris,
594 973 682 1038 quam
718 961 966 1037 comparationem
1004 959 1133 1038 primum

126 1047 252 1108 dimidio
278 1063 367 1106 versu
394 1047 504 1106 dixisse
533 1049 603 1108 satis
630 1047 718 1108 habet
744 1046 758 1107 l
786 1045 864 1128 191,
896 1046 1002 1107 deinde
1030 1045 1133 1124 ampli-

127 1137 245 1196 ficatam
274 1141 411 1213 quattuor
433 1135 567 1195 versibus
591 1135 663 1196 dicit
686 1132 869 1217 ala-820,
895 1142 959 1196 tum
982 1135 1018 1195 ad
1042 1152 1134 1195 unum

126 1222 296 1302 exemplum
320 1221 438 1282 adhibet
460 1241 503 1282 w.
527 1220 727 1303 oua-908,
741 1231 892 1302 postremo
920 1241 972 1284 sex
998 1222 1134 1284 versibus

126 1311 257 1390 explicat
287 1310 306 1371 l.
338 1310 364 1370 Π
394 1306 619 1390 1010-1015,
668 1311 723 1370 hos
754 1313 845 1390 igitur
876 1329 979 1371 versus
1013 1318 1042 1371 et
1073 1329 1133 1371 non

125 1418 223 1480 pauca
249 1399 372 1478 habere,
398 1401 430 1457 in
458 1397 565 1477 quibus
592 1400 656 1458 iure
685 1399 863 1479 offendereS,
890 1406 920 1458 et
946 1416 1006 1459 non
1033 1401 1133 1459 minus

127 1488 233 1568 multa,
261 1486 369 1566 quibus
396 1485 594 1547 declararetur
621 1504 637 1546 a
666 1486 746 1547 nullo
774 1488 833 1546 nisi
860 1505 876 1546 a
903 1485 1041 1546 Lucretio
1068 1489 1133 1565 ipso

129 1578 261 1656 potuisse
281 1573 380 1654 scribi,
404 1573 491 1635 docui
513 1574 530 1634 1,
551 1594 575 1635 o.
610 1592 671 1636 non
689 1577 780 1653 igitur
803 1576 831 1634 ei
849 1573 963 1634 ierendi
982 1581 1059 1655 sunt,
1082 1577 1134 1652 qni

129 1667 162 1725 in
184 1665 330 1724 levissima
354 1680 468 1741 quaque
490 1662 714 1744 offensiuncula,
738 1662 838 1741 quales
862 1680 948 1741 saepe
972 1681 1008 1722 ex
1031 1679 1133 1722 eorum

128 1755 182 1832 qui
209 1751 361 1811 offendunt
387 1769 488 1811 errore
515 1758 689 1833 nascuntur,
718 1770 779 1811 non
801 1751 936 1811 dubitant
958 1750 993 1811 ad
1016 1749 1134 1810 obelum

128 1839 296 1917 coningere.

218 1927 271 1986 Est
292 1927 349 1986 hoc
366 1924 486 1986 Lucreti
507 1928 670 2007 proprium,
692 1934 726 1987 ut
747 1933 776 1986 et
794 1925 929 1986 versibus
948 1932 977 1985 et
995 1943 1134 1986 versuum

129 2015 265 2096 partibus
295 2014 438 2075 iterandis
465 2021 494 2074 et
521 2014 667 2075 variandis
696 2022 725 2075 et
751 2013 824 2075 locis
851 2013 968 2093 longius
995 2015 1074 2073 inter
1102 2032 1133 2074 se

131 2122 218 2182 saepe
242 2101 418 2163 distantibus
440 2101 486 2161 vel
509 2102 690 2182 singularum
711 2101 758 2162 rel
778 2101 906 2181 plurium
925 2119 1031 2162 vocum
1049 2119 1133 2180 repe-

129 2194 234 2252 titione
258 2193 342 2270 quasi
364 2207 453 2251 aureo
475 2190 591 2250 vinculo
613 2193 693 2251 inter
715 2209 747 2251 se
765 2190 891 2268 ligandis
910 2207 1028 2250 carmen
1047 2208 1133 2249 suum

132 2297 237 2340 ornare
265 2278 394 2360 studeat3
422 2278 452 2339 id
481 2278 558 2356 quod
586 2281 614 2338 ei
640 2281 749 2339 mirum
775 2280 807 2337 in
834 2278 953 2338 modum
981 2279 1132 2337 successit.

130 2366 234 2428 babuit
260 2375 357 2428 autem
384 2367 438 2427 hac
465 2368 497 2426 in
524 2373 586 2426 arte
610 2385 696 2444 quem
720 2372 894 2444 sequeretur
917 2382 984 2425 eum
1007 2371 1133 2445 poetam,

132 2473 220 2536 quem
250 2473 343 2534 paene
374 2461 492 2533 praeter
523 2471 625 2513 omnes
652 2453 762 2535 laudat,
794 2452 1013 2534 Empedoclem,
1046 2471 1133 2532 quem

130 2542 267 2623 plurimis
294 2542 382 2603 rebus
405 2540 578 2602 imitandum
602 2541 659 2601 sibi
680 2549 881 2621 proposuerat.
928 2559 1014 2620 quam
1037 2543 1133 2602 imita-

130 2634 243 2692 tionem
265 2632 297 2691 in
314 2629 538 2709 repetitionibus
558 2647 674 2710 quoque
693 2633 776 2690 cerni
794 2649 861 2690 oum
879 2632 994 2709 primus
1011 2629 1134 2691 vidisset

132 2719 272 2780 Aemilius
290 2718 409 2799 Hallier,
432 2719 482 2797 qui
504 2717 624 2779 Lucreti
647 2720 775 2779 carmina
798 2737 814 2778 e
838 2718 1009 2796 fragmentis
1027 2717 1133 2797 Empe-

132 2807 224 2868 doclis
247 2806 430 2868 adumbravit
451 2806 520 2866 diss.
543 2805 656 2866 lenens.
680 2825 705 2866 a.
729 2803 813 2868 1857
839 2809 957 2888 scripta,
980 2805 1133 2866 oblocutus

133 2897 161 2956 ei
184 2902 229 2955 est
246 2893 436 2955 Gneissiusl.
455 2912 479 2954 e.
498 2913 524 2972 p.
545 2891 565 2953 9
585 2912 657 2974 sqq,
680 2895 723 2954 eis
746 2901 844 2954 tamen
869 2893 1011 2973 exemplis
1030 2892 1134 2974 allatis,
1242 2969 1243 2974 ἵ

133 3001 169 3043 ex
196 2983 304 3061 quibus
332 3001 399 3043 eum
426 3000 485 3042 non
512 2988 592 3042 recte
620 2981 788 3042 oblocutum
815 2989 961 3060 appareat
1006 2999 1074 3042 nam
1102 2989 1135 3042 ut
1242 3009 1243 3062 p

132 3088 234 3131 verum
266 3073 316 3152 sit,
349 3071 425 3149 quod
454 3076 540 3148 negat
567 3070 644 3148 apud
671 3071 899 3150 Acragantinum
925 3072 1134 3150 repetitionum
1242 3063 1243 3078 ¹

131 3177 219 3220 usum
241 3166 301 3219 tam
323 3158 379 3219 late
402 3166 502 3237 patere
527 3175 614 3237 quam
637 3159 713 3237 apud
735 3158 907 3240 Romanum,
931 3160 997 3238 quis
1018 3161 1134 3238 ignorat

132 3265 249 3327 semper
271 3248 333 3308 lere
357 3246 452 3307 solere
475 3264 535 3327 eos,
559 3248 616 3326 qni¹
633 3247 759 3326 aliquem
776 3249 943 3327 imitantur,
966 3246 1082 3326 longius
1101 3250 1133 3307 in

132 3354 165 3396 ea
193 3354 239 3417 re,
267 3353 353 3414 quam
380 3337 567 3414 potissimum
590 3337 753 3416 imitantur,
783 3335 923 3413 progredi
946 3353 1033 3414 quam
1057 3353 1134 3415 eum,

132 3442 228 3502 aquo
252 3423 419 3502 exemplum
441 3424 499 3484 sibi
522 3420 732 3503 sumpserunt?

219 3511 294 3572 Sunt
320 3529 389 3571 vero
413 3530 487 3590 quae
510 3513 542 3572 in
564 3530 703 3572 versuum
725 3512 930 3574 iterationibus
953 3529 1008 3572 nos
1031 3510 1136 3570 leviter

181 3620 322 3662 Lnonnnms.
336 3622 371 3663 ed.
384 3621 509 3672 Briegcr.
902 3611 920 3664 b
