2500 3882
639 233 666 285 Π
1108 233 1149 296 39

218 395 309 456 quare
333 379 422 437 etiam
445 383 532 455 atque
557 379 645 439 ctiam
667 378 787 458 paulum
809 378 950 463 inclinare
975 388 1126 441 necessest

219 483 355 546 corpora3
382 484 438 526 nec
459 465 526 545 plus
550 484 638 545 quam
663 469 833 547 minimum,
860 485 897 527 ne
920 469 1030 546 tingere
1053 476 1150 528 motus

145 561 200 610 245
219 553 353 632 obliquos
377 553 528 614 videamur
551 561 581 613 et
603 554 635 614 id
657 572 705 614 res
728 573 797 615 vera
819 556 935 616 refutet.

218 660 345 720 namque
367 641 424 701 hoc
447 643 477 701 in
500 648 639 720 promptu
659 643 905 722 manifestumque
925 662 990 704 esse
1009 643 1150 723 videmus,

218 729 361 810 pondera,
389 736 530 808 quantum
554 731 586 789 in
609 737 682 810 sest,
710 749 770 790 non
792 749 879 810 posse
903 731 1020 810 obliqua
1042 750 1150 812 meare,

220 836 256 878 ex
280 835 387 896 supero
411 835 478 878 cum
499 819 707 898 praecipitant,
730 819 807 896 quod
830 837 952 880 cernere
973 822 1084 898 possis:

220 906 272 966 sed
294 905 337 965 nil
359 907 478 965 omnino
501 906 583 966 rectu
604 908 725 984 regione
747 909 805 966 viai

146 1003 201 1052 250
219 993 366 1055 declinare
389 995 457 1071 quis
479 1001 525 1052 est
548 995 599 1072 qui
621 1001 723 1072 poscat
745 1012 867 1054 cernere
890 992 977 1055 sese?

262 1083 394 1161 Denique
419 1083 445 1141 si
467 1099 585 1160 semper
607 1089 704 1142 motus
728 1084 893 1143 conectitur
916 1085 1011 1144 omnis

219 1178 249 1231 et
270 1177 369 1231 vetere
392 1171 524 1229 exoritur
546 1185 663 1248 semper
685 1188 778 1231 novus
801 1170 904 1231 ordine
927 1179 1022 1252 certo,

218 1277 273 1319 nec
296 1257 468 1318 declinando
491 1257 602 1318 faciunt
623 1259 785 1337 primordia
807 1265 903 1318 mutus

218 1348 397 1426 principium
421 1344 580 1425 quoddam,
604 1346 681 1424 quod
705 1347 757 1406 iati
779 1347 897 1406 foedera
918 1353 1048 1426 rumpat,

145 1441 199 1491 255
219 1453 255 1496 ex
278 1435 393 1495 infinito
416 1451 453 1494 nc
477 1451 595 1494 causam
618 1452 705 1494 causa
728 1441 879 1514 sequatur,

217 1523 310 1584 libera
332 1541 387 1602 per
408 1529 505 1582 terras
527 1521 604 1582 unde
626 1521 700 1582 hacc
722 1521 918 1582 animantibus
941 1528 1048 1601 exstat,

218 1611 327 1672 undest
347 1611 432 1691 haec,
455 1612 587 1691 inquam,
610 1610 678 1670 fatis
700 1609 797 1670 avolsa
819 1616 962 1690 potestas,

217 1718 272 1778 per
295 1716 381 1777 quam
403 1697 610 1777 progredimur
633 1717 691 1777 quo
714 1699 795 1759 ducit
818 1716 963 1777 quemque
986 1696 1131 1779 voluntas,

219 1787 399 1850 declinamus
422 1789 493 1846 item
516 1793 613 1847 motus
636 1805 691 1846 nec
713 1794 846 1865 tempore
869 1794 949 1847 certo

146 1884 199 1934 260
217 1894 273 1937 nec
295 1875 416 1952 regione
438 1873 496 1934 loci
519 1881 611 1954 certa,
635 1874 687 1934 sed
709 1873 761 1935 ubi
783 1877 847 1953 ipsa
869 1874 936 1935 tulit
958 1871 1063 1934 mens?

218 1981 286 2024 nam
309 1962 399 2023 dubio
421 1961 525 2041 procul
545 1961 592 2022 his
615 1960 704 2022 rebus
728 1981 781 2022 sua
803 1965 909 2041 cuique
932 1963 1065 2022 voluutas

218 2053 397 2132 principium
424 2050 485 2129 dat,
513 2056 543 2110 et
565 2050 634 2110 hinc
656 2057 754 2110 motus
776 2069 830 2129 per
852 2050 984 2111 membra
1006 2053 1147 2129 rigantur.

218 2158 316 2200 nonne
340 2139 421 2198 vides
445 2139 533 2198 etiam
555 2137 709 2217 patefactis
731 2146 864 2216 tempore
886 2145 995 2216 puncto

219 2226 387 2289 carceribus
410 2243 469 2286 non
492 2243 579 2304 posse
602 2232 700 2286 tamen
721 2243 914 2304 prorumpere
938 2243 1081 2304 equorum

147 2325 200 2374 265
218 2319 278 2376 vim
301 2314 437 2394 cupidam
459 2321 519 2374 tam
542 2313 578 2374 de
602 2313 699 2373 subito
723 2331 810 2392 quam
833 2331 916 2373 mens
940 2321 1005 2374 avet
1026 2310 1112 2393 ipsa?

220 2406 315 2464 omnis
339 2405 431 2483 enim,
454 2409 548 2462 totum
570 2419 624 2480 per
648 2419 767 2482 corpus,
789 2403 924 2462 materiai

219 2495 302 2571 copia
325 2492 436 2552 conciri
459 2489 558 2571 dehet,
582 2492 696 2550 concita
717 2508 771 2568 per
794 2497 875 2550 artus

220 2581 315 2640 omnis
338 2587 371 2639 ut
394 2578 524 2638 studium
545 2580 653 2639 mentis
677 2596 787 2639 conexa
810 2585 962 2658 sequatur3

219 2675 253 2729 ut
275 2667 372 2728 rideas
395 2669 501 2728 initum
523 2674 621 2727 motus
643 2685 660 2726 a
682 2667 770 2728 corde
793 2669 889 2728 creari

147 2764 201 2814 2⁵10
220 2773 256 2816 ex
280 2758 427 2834 animique
449 2754 592 2815 voluntati
613 2755 774 2834 procedere
796 2757 939 2836 primum,

219 2843 287 2905 inde
311 2843 374 2905 dari
396 2861 484 2921 porro
506 2862 561 2922 per
583 2849 676 2903 totum
700 2861 807 2921 corpus
831 2851 861 2904 et
883 2851 972 2904 artus.

218 2951 274 2993 nec
297 2931 421 2992 similest
442 2937 476 2991 ut
499 2948 566 2991 cum
588 2930 708 3009 impulsi
729 2931 917 3009 procedimus
940 2934 1014 3009 ictu,

218 3019 332 3080 viribus
357 3019 478 3079 alterius
500 3020 613 3096 magnis
636 3037 800 3099 magnoque
823 3025 939 3098 coactu3

218 3127 286 3169 nam
309 3115 372 3168 tum
395 3109 546 3166 materiem
569 3108 660 3167 totius
683 3109 815 3187 corporis
839 3123 956 3166 omnem

148 3205 199 3254 2⁷5
217 3199 437 3275 perspicuumst
459 3194 543 3255 nohis
566 3197 667 3255 invitis
690 3198 734 3254 ire
758 3197 894 3274 rapique,

219 3285 312 3345 donec
335 3301 399 3344 eam
422 3283 579 3343 refrenavit
601 3301 656 3361 per
678 3281 810 3343 membra
832 3281 973 3342 voluntas.

217 3375 314 3434 iamne
337 3371 419 3432 vides
443 3372 545 3452 igitur,
568 3389 744 3450 quamquam
767 3372 811 3430 vis
834 3377 934 3431 extera
956 3370 1064 3432 multos

217 3461 306 3540 pellat
328 3467 358 3521 et
380 3461 487 3520 invitos
511 3466 595 3537 cogat
616 3459 777 3538 procedere
801 3477 888 3537 saepe

216 3552 453 3629 praecipitesque
476 3549 553 3628 rapi,
575 3554 674 3608 tamen
698 3563 763 3606 esse
786 3549 817 3606 in
839 3553 959 3625 pectore
982 3553 1083 3606 nostro
