2496 3876
103 217 122 281 8
594 217 607 270 1

174 365 298 426 discidio
321 364 448 425 redeunt
468 365 500 424 in
523 381 645 442 corpora
668 363 810 424 materiai.

103 461 161 512 250
174 461 323 534 postremo
345 458 472 531 pereunt
494 451 618 532 imbres,
640 450 692 511 ubi
714 469 765 511 eos
786 456 871 528 pater
894 450 995 511 aether
1069 463 1111 504 555

105 549 156 598 545
175 545 206 601 in
229 543 374 621 gremium
396 541 499 599 matris
522 542 613 600 terrai
635 540 849 618 praecipitavit:

176 638 205 691 at
227 629 336 690 nitidae
359 634 485 705 surgunt
507 628 619 709 fruges,
641 629 773 706 ramique
797 628 947 686 virescunt

176 717 343 796 arboribus,
366 721 504 776 crescunt
526 719 606 795 ipsae
630 716 750 794 fetuque
769 720 938 794 gravantur3

175 807 244 866 bino
267 805 354 865 alitur
376 821 464 882 porro
487 812 621 865 nostrum
644 822 737 882 genus
760 811 846 881 atque
869 803 1012 882 ferarum3

105 902 163 955 255
176 895 245 954 bino
266 893 357 952 laetas
379 890 468 952 urbes
494 895 595 972 pueris
618 893 725 952 florere
748 891 895 970 videmus,

107 991 158 1040 550
177 981 411 1058 frondiferasque
433 983 517 1040 novis
541 979 642 1040 avibus
665 997 770 1040 canere
794 978 924 1056 undique
947 977 1048 1058 silvas3
1069 989 1113 1032 555

177 1070 246 1129 bino
268 1069 363 1128 fessae
386 1069 514 1146 pecudes
537 1070 640 1148 pingui
661 1086 716 1147 per
738 1066 843 1146 pabula
865 1066 940 1126 laeta

178 1174 301 1236 corpora
324 1155 486 1236 deponunt,
509 1162 539 1216 et
561 1156 690 1216 candens
713 1155 823 1216 lacteus
846 1172 932 1215 umor

177 1244 320 1306 uberibus
341 1251 440 1304 manat
462 1245 611 1326 distentis3
634 1245 703 1305 bino
725 1262 800 1305 nova
822 1243 920 1322 proles

108 1343 165 1394 260
179 1332 301 1394 artubus
325 1333 449 1393 infirmis
471 1340 589 1394 teneras
612 1333 719 1393 lasciva
741 1351 795 1411 per
816 1331 922 1392 herbas
1070 1345 1115 1385 550

109 1421 254 1483 55515ᾱί5
276 1421 349 1481 laete
372 1439 454 1482 mero
476 1429 591 1482 mentes
613 1422 748 1499 perculsa
770 1420 907 1480 novellas.

178 1510 256 1571 baud
278 1512 369 1588 igitur
390 1512 509 1588 penitus
531 1517 658 1588 pereunt
681 1525 881 1589 quaecumque
904 1506 1055 1588 videntur,

181 1597 295 1678 quando
319 1597 376 1657 alid
400 1616 435 1658 er
459 1598 515 1659 alio
538 1598 634 1658 reficit
656 1604 760 1658 natura
783 1615 839 1657 555
861 1595 951 1656 ullam

180 1704 243 1746 rem
266 1687 348 1763 gigni
369 1688 480 1763 patitur
501 1687 560 1746 nisi
581 1691 676 1745 morte
699 1685 798 1746 adiuta
820 1683 922 1744 aliena

111 1783 168 1834 265
226 1772 309 1833 Nune
332 1790 397 1852 age,
421 1791 469 1833 res
492 1775 630 1852 quoniam
652 1774 739 1834 docui
761 1791 821 1833 non
842 1790 930 1850 posse
953 1774 1049 1832 oreari
1072 1783 1114 1825 555

112 1870 163 1919 550
181 1861 217 1921 de
240 1859 300 1920 nilo
322 1878 418 1938 neque
441 1863 513 1922 item
536 1863 648 1940 genitas
671 1862 707 1922 ad
729 1861 772 1921 nil
794 1863 938 1941 revocari,

182 1967 219 2009 ne
243 1966 299 2028 qua
322 1949 397 2009 forte
420 1956 517 2010 tamen
540 1956 658 2028 coeptes
681 1949 815 2010 diffidere
838 1949 938 2028 dietis,

183 2036 260 2116 quod
282 2044 434 2116 nequeunt
456 2037 550 2098 oeulis
572 2056 673 2098 rerum
694 2037 856 2118 primordia
879 2038 973 2116 eemi‚

183 2128 282 2205 aeeipe
305 2132 457 2205 praeterea
480 2145 554 2206 5555
577 2144 701 2205 corpora
723 2133 785 2187 tute
808 2132 960 2186 necessest

112 2224 169 2275 270
183 2215 341 2275 confiteare
364 2232 428 2276 esse
451 2217 483 2275 in
505 2214 594 2276 rebus
617 2234 673 2276 555
694 2233 781 2293 posse
804 2213 906 2273 videri.
1074 2227 1114 2267 55)

113 2304 329 2382 estprincipio
351 2306 432 2364 venti
453 2306 498 2364 vis
520 2303 656 2364 verberat
677 2305 768 2364 inoita
790 2319 897 2380 eorpus

183 2393 369 2469 ingentisque
393 2394 453 2453 ruit
474 2394 557 2454 navis
581 2398 610 2452 et
632 2391 732 2452 nubila
755 2390 865 2469 differt3

184 2477 333 2537 interdum
356 2480 457 2556 rapido
481 2497 658 2559 percurrens
681 2479 799 2540 turbine
822 2495 940 2556 campos

185 2563 339 2625 arboribus
361 2570 474 2646 magnis
498 2570 604 2628 sternit
625 2569 792 2646 montisque
815 2583 969 2646 supremos

112 2660 167 2713 075
185 2652 340 2730 silvifragis
363 2662 449 2715 vexat
469 2655 582 2716 flabris:
605 2657 646 2715 ita
667 2655 794 2735 perfurit
816 2656 878 2715 aeri
1075 2667 1115 2707 50

114 2749 165 2799 550
184 2759 252 2803 oum
274 2741 394 2802 fremitu
417 2746 566 2823 saevitque
589 2745 697 2804 minari
719 2761 871 2804 murmure
894 2749 1007 2803 ventus.

185 2837 254 2892 sunt
276 2832 366 2908 igitur
388 2833 480 2912 venti,
503 2834 656 2912 nimirum,
679 2850 803 2911 corpora
825 2849 924 2911 55555,

185 2939 259 3000 5555
281 2936 375 3001 mare,
399 2937 473 2998 quae
496 2927 604 3001 terras,
627 2939 701 2999 5555
725 2921 851 2999 denique
874 2917 974 2980 nubila
997 2917 1071 2979 caeli

185 3015 305 3069 verrunt
329 3026 362 3068 55
386 3008 483 3070 subito
506 3011 639 3070 vexantia
661 3008 779 3070 turbine
800 3013 930 3088 raptant,

115 3104 173 3157 280
186 3116 241 3158 neo
264 3100 376 3159 ratione
399 3099 496 3160 fluunt
518 3098 573 3160 alia
596 3105 781 3178 stragemque
804 3102 979 3176 propagant,
1077 3108 1118 3148 2⁸⁰

117 3192 168 3241 555
188 3192 217 3245 et
239 3203 306 3246 eum
329 3187 426 3248 mollis
450 3206 540 3268 aquae
563 3189 658 3248 fertur
679 3194 784 3249 natura
806 3190 929 3264 repente

185 3273 307 3334 flumine
330 3276 502 3358 abundanti,
525 3295 613 3355 quom
636 3275 726 3354 largis
748 3274 893 3335 imbribus
916 3277 1002 3350 urget

186 3359 335 3424 montibus
359 3383 395 3424 ex
418 3364 484 3425 altis
506 3381 629 3442 magnus
652 3363 794 3424 decursus
817 3363 917 3440 aquai,

186 3451 329 3528 fragmina
352 3454 501 3512 oonieiens
524 3452 663 3512 silvarum
686 3449 862 3526 arbustaque
884 3455 958 3525 tota3

114 3546 171 3599 285
185 3558 240 3601 nee
263 3539 351 3599 validi
373 3549 498 3619 possunt
518 3548 623 3620 pontes
646 3539 791 3599 venientis
814 3537 900 3612 aquai
1078 3543 1120 3584 8⁸⁵
