2500 3882
107 223 171 288 100
593 223 633 278 IV

177 369 307 448 undique
330 373 375 431 uti
396 372 535 434 tenebras
559 375 655 434 omnis
676 370 845 432 Acherunta
868 372 962 432 rearis
1083 393 1124 432 155

177 457 300 536 liquisse
324 466 353 520 et
375 477 496 538 magnas
519 460 593 522 caeli
616 458 780 538 complesse
804 477 954 520 cavernas.

109 562 159 612 155
178 564 271 625 usque
295 547 368 608 adeo
390 554 485 608 taetra
507 547 675 609 nimborum
698 553 784 608 nocte
807 555 910 609 coorta

107 650 159 701 171
177 635 339 713 inpendent
361 641 440 696 atrae
463 636 630 697 formidinis
653 653 704 696 ora
728 654 866 714 superne.
889 717 899 806 l,
1084 657 1122 696 rrs

600 743 618 782 a

223 809 308 871 Nunc
331 828 397 890 age,
420 829 508 888 quam
531 814 614 872 tenui
635 819 739 873 natura
762 818 879 872 constet
901 814 997 890 imago
1083 831 1122 870 uo

94 951 98 963 .
178 901 308 977 percipe.
344 907 374 958 et
396 900 569 978 inprimis,
592 901 731 977 quoniam
753 899 917 979 primordia
940 905 1055 959 tantum

109 1002 162 1052 110
178 992 248 1046 sunt
270 985 347 1046 inira
368 994 487 1048 nostros
511 1006 616 1048 sensus
638 995 779 1067 tantoque
801 990 917 1048 minora

111 1089 163 1139 140
182 1090 269 1152 quam
292 1092 365 1151 quae
389 1076 518 1153 primum
541 1075 619 1137 oculi
638 1082 775 1154 coeptant
792 1094 852 1136 nou
871 1093 959 1154 posse
978 1075 1058 1135 tueri
1077 1106 1122 1115 —

180 1179 259 1222 nunc
282 1167 380 1222 tamen
402 1162 434 1222 id
457 1181 574 1242 quoque
597 1165 641 1224 uti
663 1165 849 1244 confirmem,
874 1161 996 1224 exordia
1018 1179 1122 1222 rerum

182 1255 353 1311 cunctarum
377 1268 464 1329 quam
488 1253 548 1312 sint
570 1250 690 1312 subtilia
711 1253 831 1331 percipe
855 1253 967 1330 paucis.
1081 1272 1122 1312 us

181 1340 309 1416 primum
332 1338 469 1400 animalia
491 1346 561 1401 sunt
583 1342 642 1399 iam
664 1341 770 1418 partim
794 1338 921 1420 tantula,
944 1356 1071 1417 quorum

111 1441 164 1493 115
180 1428 266 1486 tertia
288 1445 357 1506 pars
381 1427 460 1488 nulla
483 1429 578 1507 possit
600 1429 713 1488 ratione
735 1427 838 1488 videri.

113 1530 163 1580 145
182 1515 288 1575 horum
310 1517 485 1576 intestinum
508 1515 631 1594 quodvis
655 1514 740 1593 quale
763 1533 830 1576 esse
853 1513 1057 1594 putandumst!

183 1601 254 1680 quid
268 1601 366 1662 cordis
380 1602 484 1681 globus
496 1609 546 1664 aut
556 1599 654 1663 oculi?
677 1603 747 1682 quid
756 1600 911 1664 membra?
934 1603 1006 1681 quid
1016 1599 1123 1662 artus?

183 1688 322 1766 quamula
347 1689 427 1750 sunt!
465 1691 535 1768 quid
558 1698 711 1770 praeterea
733 1691 895 1770 primordia
919 1708 1068 1770 quaeque,
1082 1712 1124 1752 rso

182 1777 260 1837 unde
284 1779 381 1838 anima
404 1784 490 1856 atque
513 1780 604 1838 animi
627 1786 742 1862 constet
764 1787 868 1840 natura
890 1775 1100 1839 necessumst?

111 1881 169 1932 120
183 1882 280 1925 nonne
302 1866 385 1927 vides
409 1883 497 1944 quam
520 1867 579 1926 sint
602 1865 720 1927 subtilia
744 1885 890 1947 quamque
913 1863 1048 1927 minuta?

114 1970 165 2020 155
183 1958 335 2032 praeterea
358 1971 561 2033 quaecumque
584 1972 638 2014 suo
661 1955 697 2014 de
720 1973 844 2035 corpore
868 1955 990 2016 odorem

183 2042 318 2119 expirant
339 2060 451 2123 acrem,
473 2060 600 2121 panaces
623 2041 770 2102 absinthia
790 2050 885 2103 taetra

183 2127 396 2208 habrotonique
419 2148 523 2209 graves
546 2137 576 2191 et
598 2131 694 2191 tristia
717 2137 888 2210 centaurea,
1083 2154 1124 2194 555

113 2233 169 2288 124
183 2235 309 2298 quorum
331 2237 424 2279 unum
447 2219 562 2298 quidvis
585 2217 688 2279 leviter
711 2221 738 2278 si
759 2219 835 2279 forte
858 2217 975 2278 duobus
1084 2241 1124 2281 nc

607 2325 626 2362 ss

112 2413 168 2464 172
183 2413 311 2474 quorum
334 2393 473 2472 quanttda
494 2412 563 2472 pars
587 2396 626 2454 sit
647 2396 743 2472 imago
766 2393 866 2453 dicere
889 2400 1006 2454 nemost
1084 2416 1124 2456 ru

115 2485 237 2561 1555111
259 2484 367 2561 possit,
388 2499 484 2560 neque
508 2499 572 2542 eam
595 2484 740 2542 rationem
762 2480 887 2540 reddere
911 2481 1008 2542 dictis.
1084 2503 1124 2543 555

115 2585 165 2637 141
227 2568 313 2629 Nunc
336 2587 370 2630 ea
393 2587 481 2647 quam
504 2569 583 2630 lacili
606 2577 636 2629 et
658 2568 748 2629 celeri
770 2571 883 2630 ratione
907 2577 1053 2646 genantur
1084 2593 1123 2632 555

184 2663 386 2737 perpetuoque
409 2656 501 2717 ssuant
523 2655 559 2716 ab
583 2656 672 2716 rebus
695 2655 833 2735 lapsaque
857 2656 962 2717 cedant

176 2851 296 2912 semper
317 2834 397 2892 euim
420 2849 568 2892 summum
591 2832 731 2911 quicquid
754 2832 790 2892 de
813 2832 903 2892 rebus
926 2831 1070 2913 abundat,
1085 2854 1122 2896 ns

187 2921 265 3002 quod
291 2919 465 2982 iaculentur.
502 2925 532 2979 et
557 2919 614 2980 hoc
639 2927 735 2980 certas
758 2939 826 2981 cum
847 2922 983 2999 pervenit
1004 2922 1037 2979 in
1060 2939 1122 3000 res,

116 3027 167 3077 155
185 3011 306 3091 transit,
328 3015 361 3069 ut
382 3009 415 3068 in
436 3007 542 3086 primis
563 3014 689 3068 restem:
713 3008 764 3068 sed
786 3006 839 3068 ubi
862 3025 965 3086 aspera
989 3026 1057 3068 sara

114 3115 169 3165 146
187 3105 238 3160 aut
260 3101 291 3158 in
313 3097 467 3159 materiam
489 3094 562 3173 ligni
584 3098 731 3175 pervenit,
753 3095 796 3155 ibi
818 3098 877 3155 iam

187 3186 344 3266 scinditur,
366 3192 401 3246 ut
422 3182 535 3245 nullum
558 3183 750 3244 simulacrum
771 3182 896 3244 reddere
919 3185 1022 3262 possit

186 3279 216 3333 at
238 3290 305 3332 cum
328 3270 481 3351 splendida
504 3289 579 3349 quae
602 3277 739 3332 constant
760 3278 883 3349 opposta
905 3271 1026 3331 luerunt
1084 3295 1123 3336 aro

187 3359 345 3439 densaque,
368 3366 401 3420 ut
423 3361 455 3420 in
477 3361 582 3439 primis
605 3357 795 3438 speculumst,
817 3357 860 3417 nil
882 3357 989 3419 accidit
1006 3359 1122 3422 horum.

117 3464 168 3514 155
186 3464 254 3506 nam
272 3463 378 3526 neque,
401 3450 445 3508 uti
462 3453 584 3528 vestem,
606 3451 731 3525 possunt
749 3447 886 3524 transire,
907 3463 1004 3523 neque
1023 3455 1123 3508 autem

116 3551 169 3602 151
186 3532 294 3613 scindi;
318 3550 405 3611 quam
427 3537 562 3595 meminit
583 3533 664 3594 levor
686 3539 836 3612 praestare
860 3531 992 3592 salutem.
