2500 3882
613 238 627 291 Ι
1016 239 1118 303 ·11

104 395 171 446 300
187 404 255 448 nam
279 388 305 446 si
327 384 530 446 tantundemst
552 387 583 446 in
606 385 689 446 lanae
712 385 842 464 glomere
866 394 1007 466 qnantum
1064 425 1077 434 *-

105 485 165 534 335
187 476 319 554 corporis
342 476 374 533 in
396 472 555 554 plumhost,
578 473 751 534 tantundem
773 475 903 552 pendere
926 493 980 554 par
1002 482 1060 555 est,
1081 488 1122 528 300

187 565 319 641 corporis
347 562 505 622 olliciumst
532 564 670 640 quoniam
693 580 829 640 premere
853 565 950 623 omnia
974 563 1121 642 deorsum,

187 657 289 711 contra
311 657 410 711 autem
433 657 537 710 natura
560 656 659 710 manet
682 652 746 709 sine
769 650 899 729 pondere
922 653 1026 712 inanis.

187 756 258 817 ergo
281 738 360 816 quod
382 743 550 816 magnumst
572 756 664 816 aeque
687 737 839 817 leviusque
861 739 991 819 videtur,

110 833 173 886 365
186 828 340 906 nimirum,
362 824 429 904 plus
453 844 518 887 esse
542 824 599 885 sihi
622 825 751 887 declarat
772 829 882 888 inanis:
1081 839 1121 880 ⁸⁶⁶

111 923 169 974 330
186 920 217 975 at
239 921 340 974 contra
363 915 481 992 gravius
503 912 569 992 plus
592 916 624 973 in
647 932 679 974 se
703 917 835 992 corporis
859 933 924 976 esse

187 1002 304 1062 dedicat
326 1009 356 1062 et
379 1001 470 1062 multo
493 1003 578 1062 vacui
599 1003 698 1062 minus
721 1004 802 1062 intus
824 1002 941 1063 habere.

187 1097 233 1151 est
255 1092 359 1170 igitur,
382 1091 536 1169 nimirum,
559 1089 589 1149 id
612 1089 690 1168 quod
713 1092 828 1150 ratione
852 1093 948 1168 sagaci

188 1180 371 1258 quaerimus,
394 1177 555 1237 admixtum
577 1176 679 1258 robae,
703 1178 781 1257 quod
804 1181 891 1238 inane
914 1196 1061 1240 vocamus.

112 1274 172 1328 370
232 1265 306 1326 lllud
329 1265 429 1326 inhis
452 1264 541 1325 rebus
564 1272 654 1325 nete
677 1264 823 1326 deducere
846 1284 916 1326 vero
1082 1280 1122 1320 ³⁷0

112 1364 168 1414 365
187 1357 294 1435 possit,
317 1353 395 1432 quod
419 1353 537 1432 quidam
560 1353 687 1433 lingunt,
709 1372 901 1432 praecurrere
925 1371 1021 1432 cogor.

188 1443 294 1504 cedere
317 1442 512 1520 squamigeris
534 1439 636 1500 latices
659 1440 823 1501 nitentibus
846 1443 927 1501 aiunt

189 1538 219 1592 et
240 1529 366 1608 liquidas
390 1530 504 1608 aperire
528 1530 603 1608 rias,
626 1531 695 1607 quia
717 1535 784 1608 post
807 1528 871 1589 loca
893 1532 991 1608 pisces

187 1617 334 1698 linquant,
357 1636 414 1696 quo
436 1619 553 1695 possint
575 1616 713 1677 cedentes
737 1617 886 1678 confluere
909 1617 1017 1699 undac;
1078 1629 1122 1671 '⁸⁷⁶

114 1715 174 1768 375
190 1710 234 1767 sic
256 1705 328 1766 alias
352 1723 468 1784 quoque
491 1723 540 1765 res
563 1707 641 1765 inter
664 1724 697 1765 se
718 1723 807 1785 posse
830 1708 942 1766 moveri

115 1804 171 1855 370
189 1802 220 1856 et
241 1801 355 1855 mutare
377 1793 489 1874 locum,
512 1796 644 1872 quamvis
667 1796 727 1854 sint
749 1797 846 1854 omnia
869 1794 963 1873 plena.

190 1882 317 1963 scilicet,
339 1881 370 1942 id
393 1881 465 1941 falsa
487 1888 581 1942 totum
603 1883 717 1942 ratione
739 1889 930 1961 receptumst.

190 1990 257 2032 nam
281 1988 339 2049 quo
362 1971 541 2049 squamigeri
563 1975 703 2048 poterunt
725 1971 886 2048 procedere
909 1970 1040 2054 tandem,

189 2061 222 2120 ni
245 2061 371 2138 spatium
394 2057 530 2117 dederint
551 2055 676 2118 latices?
712 2059 874 2119 concedere
896 2077 985 2137 porro

116 2156 176 2208 380
192 2165 249 2227 quo
272 2152 410 2226 poterunt
431 2145 546 2226 undae,
570 2163 637 2205 cum
659 2147 756 2224 pisces
780 2148 824 2205 ire
847 2144 1034 2224 nequibunt?
1083 2161 1122 2200 neo

117 2243 172 2293 373
191 2242 240 2296 aut
261 2236 352 2312 igitur
374 2240 456 2293 motu
478 2232 682 2311 privandumst
704 2251 827 2312 corpora
850 2251 997 2313 quaeque,

191 2329 241 2383 aut
263 2340 329 2383 esse
351 2321 513 2382 admixtum
536 2320 724 2380 dicundumst
746 2319 835 2380 rebus
858 2322 959 2401 inane,

190 2410 269 2472 unde
292 2411 397 2470 initum
420 2411 549 2488 primurn
572 2411 667 2487 capiat
689 2426 737 2468 res
761 2426 894 2486 quaeque
918 2408 1063 2468 morendi.
1164 2468 1167 2474 ,

189 2505 340 2579 postremo
363 2497 420 2558 duo
444 2497 480 2557 de
503 2515 650 2558 concursu
672 2514 795 2574 corpora
817 2496 875 2557 lata

118 2595 174 2647 385
191 2590 217 2647 si
240 2588 297 2647 cita
320 2584 477 2666 dissiliant,
500 2603 606 2664 nempe
629 2589 680 2644 air
703 2603 788 2644 omne
811 2591 975 2665 necessest,
1084 2598 1123 2638 ³8⁵

119 2683 172 2735 380
190 2677 268 2735 inter
290 2691 414 2753 corpora
437 2673 515 2753 qnod
537 2675 600 2754 liat,
621 2672 754 2752 possidat
775 2675 875 2734 inane:

190 2765 217 2824 is
239 2779 335 2841 porro.
351 2763 483 2840 quamvis
506 2764 619 2821 circum
642 2760 838 2822 celerantibus
861 2763 941 2822 auris

192 2850 333 2930 conlluat,
356 2849 433 2910 haud
455 2851 567 2928 poterit
587 2856 686 2909 tamen
708 2867 767 2909 uno
790 2857 923 2929 tempore
945 2856 1040 2910 totum

191 2936 333 3018 compleri
357 2939 496 3017 spatium:
518 2955 587 2997 nam
609 2939 738 3015 primum
761 2956 908 3016 quemque
931 2943 1084 2998 necessest

118 3035 175 3087 300
189 3031 314 3105 occupet
331 3025 380 3086 ille
403 3025 515 3106 locum,
537 3025 643 3085 deinde
667 3028 764 3086 omnia
785 3026 1000 3105 possideantur.
1084 3039 1125 3078 ³⁹0

119 3123 171 3174 ³85
191 3115 269 3194 quod
293 3117 320 3174 si
342 3114 417 3174 forte
440 3113 560 3194 aliquis,
586 3131 653 3173 curn
677 3131 799 3193 corpora
823 3113 992 3192 dissiluere,

191 3211 254 3264 tum
276 3208 361 3281 putat
383 3201 414 3261 id
437 3203 502 3262 fieri
526 3203 594 3280 quia
617 3218 649 3260 se
673 3201 851 3261 condenseat
873 3205 937 3281 aer,

192 3297 284 3352 errat:
307 3308 375 3350 nam
396 3307 521 3350 vacuum
543 3295 606 3348 tum
629 3288 662 3348 fit
685 3289 763 3367 quod
786 3307 846 3348 non
869 3288 924 3348 luit
946 3296 1027 3370 ante,

190 3385 221 3439 et
243 3378 374 3458 repletur
397 3379 468 3438 item
490 3394 614 3438 vacuum
638 3376 716 3454 quod
740 3378 872 3438 constitit
894 3383 974 3458 ante,

119 3473 176 3527 395
188 3485 243 3528 nec
266 3465 318 3527 tali
340 3468 452 3526 ratione
476 3471 574 3544 potest
597 3464 750 3525 denserier
773 3470 837 3545 aer,
1085 3473 1124 3516 ³⁹⁶

119 3563 172 3614 330
190 3572 258 3635 neo,
282 3557 308 3615 si
330 3557 388 3615 iam
411 3561 524 3635 posset,
548 3554 613 3613 sine
635 3554 717 3612 inani
739 3561 853 3634 posset,
876 3554 993 3631 opinor,
