2496 3876
128 216 218 272 XXVI
492 213 774 270 PROLEGOMENA.

128 363 181 424 lllr.
200 363 272 424 haec
290 363 378 424 verba
396 366 538 444 retinent3
558 369 588 422 et
605 358 712 422 mollio
728 379 797 424 eum
812 359 937 440 sonunt
952 379 1007 440 per
1025 379 1058 421 se
1075 378 1140 420 non

128 454 227 512 minus
260 460 340 512 reete
373 471 405 513 se
437 451 538 532 habet,
570 458 616 510 est
645 453 724 510 enim
756 457 890 510 nostrum
918 445 1030 510 ‘indem
1058 445 1140 532 (sive

130 539 261 600 daduroh
292 533 374 624 dass)
404 542 447 600 sie
480 541 522 600 sie
554 539 648 599 weioh
675 538 811 619 macheu,
841 540 916 619 sive,
945 537 1039 598 weiob
1071 539 1141 598 sein

129 623 252 709 lassen’3
269 628 345 688 male
364 630 455 706 igitur
468 627 554 688 Bern.
570 626 673 687 scribit
691 623 799 688 mollia
815 623 985 706 conficiunt.
1014 631 1142 704 apparet

129 717 247 797 deesse,
274 716 346 796 quid
373 715 417 775 illi
443 715 567 776 reddant
595 733 718 794 corpora
744 716 852 795 prima,
878 713 980 774 mollia
1002 731 1071 774 oum
1093 713 1141 773 la·
1233 717 1234 720 ’

130 806 221 886 ciant5
249 804 328 882 quod
356 805 396 863 ita
422 805 454 863 in
482 811 582 883 aperto
612 810 670 884 est,
697 810 730 863 ut
757 810 787 863 et
814 801 960 863 Christius
986 821 1014 882 p.
1037 799 1076 863 17
1105 810 1142 862 et

130 891 218 953 Goeb.
245 898 356 970 quaest.
379 891 495 953 Lueret.
517 911 545 972 p.
566 887 607 951 14
631 898 660 950 et
682 890 786 952 Munro
814 893 943 970 itemque
967 890 1081 950 Susem
1106 897 1141 950 et
1233 897 1234 926 ³

130 999 184 1058 ego
207 982 239 1039 in
261 997 297 1038 eo
320 982 557 1041 consenserimus
581 979 725 1040 excidisse
744 979 809 1059 boo,
832 997 882 1040 eos
902 980 1016 1039 semina
1034 996 1140 1038 rerum

130 1067 263 1128 mortalia
286 1067 424 1148 reddere,
447 1069 483 1129 os.
508 1066 608 1147 philol.
627 1065 704 1126 XXV
719 1065 760 1129 76
771 1087 814 1146 sq.
837 1066 907 1127 Poll.
926 1065 1026 1146 philol.
1045 1065 1140 1126 XXVI
1233 1101 1234 1106 κ

131 1153 203 1216 323.
244 1155 349 1233 quodsi
372 1155 625 1235 simplicissimum
649 1156 774 1234 quicque
798 1157 942 1235 optimum
966 1155 1041 1215 solet
1059 1173 1139 1234 esse,
1233 1229 1234 1232 Ἴ

131 1261 219 1322 quam
245 1241 351 1304 salsum
378 1247 417 1304 sit
438 1245 487 1306 bio
513 1243 677 1304 remedium
702 1242 867 1304 litterarum
888 1243 1097 1304 mutandarum
1121 1261 1139 1302 a
1233 1235 1234 1266 f

129 1331 316 1392 Lachmanno
346 1332 508 1394 adhibitum
539 1332 727 1394 manifestum
758 1339 811 1392 est.
860 1333 982 1392 tertium
1015 1331 1147 1414 alleraml

131 1420 297 1500 exemplum
323 1439 382 1482 non
405 1424 503 1483 minus
526 1421 715 1483 luculentum.
754 1422 786 1481 iu
808 1418 827 1479 l.
849 1419 889 1480 lll
907 1438 932 1480 v.
948 1418 966 1480 7
970 1415 1012 1481 58
1023 1437 1066 1497 sq.
1090 1427 1139 1487 est

130 1510 162 1568 in
195 1509 359 1570 codicibus:
390 1508 440 1572 sie
469 1507 594 1572 animos
622 1505 781 1569 bominum
814 1505 915 1569 dieerd
943 1504 979 1568 io
1008 1523 1139 1586 corporo

130 1613 246 1674 semper
272 1594 318 1659 e're
344 1593 483 1658 hnmano
497 1643 619 1657 ......
637 1598 695 1676 eis,
722 1615 796 1674 quae
823 1596 1004 1675 praecedunt
1026 1595 1095 1655 inde
1122 1615 1140 1656 a
1233 1631 1234 1634 =

130 1703 156 1743 v.
173 1681 235 1744 739
253 1717 295 1727 -
315 1683 350 1743 ad
374 1703 399 1743 v.
414 1682 492 1766 757,
519 1686 641 1744 docetur
667 1683 793 1744 absurde
822 1684 903 1744 credi
932 1687 1057 1763 animas,
1079 1678 1148 1767 im-ss

131 1770 270 1831 mortales
298 1789 372 1850 quae
400 1773 471 1852 sint,
494 1775 654 1850 migrantes
677 1773 718 1831 ita
740 1774 851 1832 intrare
874 1775 906 1832 in
928 1773 1082 1832 bominum
1105 1779 1140 1832 et

131 1858 293 1920 bestiarum
321 1877 457 1940 corpora,
486 1867 519 1920 ut
549 1878 604 1939 pro
632 1861 679 1920 sui
706 1878 838 1938 quaeque
868 1861 1001 1938 eorporis
1031 1861 1148 1942 natura}

132 1954 271 2008 mutetur.
308 1947 456 2026 reliquum
479 1955 551 2029 erat,
573 1956 606 2010 ut
629 1947 706 2008 obici
725 1946 783 2008 sibi
801 1948 925 2025 lingeret
942 1954 1029 2026 poeta
1046 1953 1148 2036 posse}

132 2038 172 2096 ita
201 2053 266 2095 sese
293 2053 358 2096 rem
379 2035 502 2116 habere,
528 2044 562 2097 ut
584 2037 744 2097 mutatione
768 2053 842 2114 opus
864 2053 925 2096 non
948 2041 1039 2114 esset,
1067 2045 1147 2116 oumj

132 2123 246 2185 seilicet
279 2125 311 2184 in
338 2142 424 2185 suum
453 2143 584 2204 quaeque
612 2127 709 2185 anima
736 2141 842 2202 corpus
870 2125 1002 2184 intraret.
1049 2129 1078 2183 et
1104 2123 1147 2202 id¹

132 2215 230 2292 ipsum
257 2211 369 2273 dietum
397 2213 488 2274 luisse
517 2232 532 2273 a
555 2211 693 2274 Lucretio
715 2218 841 2272 testatur
865 2230 969 2272 versus
993 2211 1011 2273 7
1015 2209 1070 2291 61,
1099 2210 1137 2272 de

132 2320 190 2380 quo
217 2309 327 2380 postea.
374 2300 426 2362 sed
454 2308 532 2362 extat
555 2301 633 2362 aliud
657 2301 855 2361 certissimum
879 2302 996 2378 signum
1018 2306 1146 2378 poetam

130 2408 190 2450 non
213 2389 250 2449 de
272 2389 424 2450 hominum
447 2392 553 2450 animis
576 2390 706 2450 solorum
731 2388 863 2450 locutum
890 2406 968 2469 esse,
995 2406 1076 2468 nam,
1103 2393 1138 2447 ut

132 2476 202 2555 dixi,
220 2477 251 2535 in
270 2476 353 2536 libris
373 2485 418 2538 est
435 2476 484 2540 sie
502 2475 634 2538 artemas,
672 2477 742 2555 quid
761 2479 851 2554 igitur
868 2476 988 2558 saoiunt,
1012 2478 1062 2555 qui
1078 2476 1136 2535 boo

130 2562 175 2625 sio
201 2565 233 2622 in
259 2560 319 2625 siro
345 2571 459 2624 mutant
485 2564 625 2626 Marullus
653 2571 683 2624 et
709 2582 805 2644 nuper
830 2563 926 2624 Lm.B.
945 2561 1019 2625 Mn?
1070 2582 1144 2640 sen-¹

131 2653 255 2712 tentiam
287 2659 493 2734 corrumpunt,
526 2671 593 2713 oum
625 2653 757 2713 efficiunt
784 2660 817 2713 ut
843 2671 949 2732 parum
976 2651 1136 2712 attendisse

131 2740 265 2800 videatur
287 2738 452 2821 Lucretius,
476 2743 585 2821 quippe
605 2743 733 2819 quinon
752 2741 859 2802 viderit
877 2759 936 2801 non
955 2741 991 2801 de
1010 2740 1136 2800 homini-

131 2828 188 2889 bus
216 2827 287 2888 solis
315 2827 367 2889 sed
395 2831 483 2890 etiam
506 2828 542 2890 de
571 2831 678 2890 ceteris
701 2828 875 2890 animalibus
899 2829 957 2890 sibi
979 2827 1138 2889 dicendum

132 2918 232 2979 luisse.

221 3005 295 3065 Sunt
322 3006 354 3065 iu
381 3006 425 3064 eis
453 3007 645 3087 coniecturis,
673 3006 780 3085 quibus
803 3005 1022 3086 Lachmannus,
1044 3023 1137 3085 paene

133 3092 195 3152 dixi
226 3095 311 3154 vacui
345 3092 469 3154 horrore
501 3093 627 3174 quodam
663 3094 781 3174 ductus,
819 3093 935 3154 hiantes
966 3093 1138 3155 lacunarum
1233 3107 1234 3116 ¹

134 3181 219 3258 quasi
250 3182 372 3241 fissuras
403 3200 462 3242 non
496 3182 659 3261 explevisse
692 3183 743 3242 sed
777 3181 933 3242 oblinendo
967 3200 1139 3242 oooaecasse

133 3267 280 3347 putandus
305 3275 363 3348 est,
386 3269 543 3331 nonnullae
567 3270 725 3350 eiusmodi,
748 3277 781 3330 ut
803 3271 898 3330 virum
922 3271 1055 3350 ingenio,
1079 3288 1137 3348 quo

133 3362 253 3436 praeter
270 3373 373 3416 omnes
391 3357 523 3438 florebat,
542 3358 666 3419 abusum
685 3360 844 3438 existimes
863 3375 897 3417 ea
917 3357 1047 3418 seribere
1068 3359 1138 3418 satis

133 3443 304 3524 habentem,
333 3461 407 3520 qnae
430 3445 568 3506 Lucretio
592 3453 671 3507 certe
695 3463 755 3506 non
777 3444 897 3522 indigna
921 3461 986 3504 esse
1009 3451 1139 3524 putaret3

135 3532 170 3592 el.
195 3549 299 3592 comm.
323 3529 360 3590 ad
383 3529 493 3612 7147,
521 3534 573 3594 ubi
596 3536 659 3613 ipse
682 3539 807 3594 testatur
831 3550 862 3591 se
886 3534 926 3590 ita
949 3548 1012 3592 rem
1036 3533 1139 3609 egisse.
