2512 3874
15 3691 19 3813 l

15 285 28 306 ·
137 256 200 320 156
626 253 651 308 V

206 408 236 461 et
258 400 394 461 manibus
417 406 513 461 totum
536 401 649 460 circum
671 417 705 459 se
727 406 844 460 vertere
868 399 990 459 caelum.
1106 418 1147 460 ora

205 507 274 549 nam
297 489 376 568 quod
399 488 491 550 mulla
514 488 597 548 luere
619 490 651 548 in
674 489 764 548 terris
787 489 902 548 semina
924 505 1026 547 rerum

205 583 339 656 tempore
363 596 420 656 quo
443 579 573 655 primum
595 576 684 637 tellus
707 575 844 636 animalia
868 575 957 655 ludit,

136 681 187 732 905
205 665 248 726 nil
270 673 370 726 tamen
393 671 438 725 est
461 666 540 742 signi
562 665 670 724 mixtas
692 665 826 742 potuisse
850 665 945 724 creari

135 762 191 812 916
206 756 285 814 inter
308 771 341 814 se
362 752 491 831 pecudes
514 759 724 830 compactaque
747 751 881 812 membra
904 752 1101 831 animantum,

206 848 363 920 propterea
381 842 450 918 quia
470 859 544 920 quae
559 840 595 901 de
609 843 699 900 terris
713 858 792 900 nunc
806 858 925 918 quoque
940 839 1091 899 abundant
1105 861 1145 900 999

206 928 366 990 herbarum
389 946 498 1006 genera
521 947 554 988 ao
577 929 678 1006 fruges
702 928 882 1005 arbustaque
904 927 981 987 laeta

206 1035 266 1078 non
288 1024 388 1076 tamen
410 1017 489 1076 iuter
512 1034 543 1075 se
566 1022 692 1094 possunt
714 1015 867 1094 complexa
890 1018 998 1096 creari,

137 1120 188 1171 919
208 1105 260 1165 sed
283 1122 332 1164 res
355 1122 489 1183 quaeque
513 1121 567 1164 suo
590 1105 650 1164 ritu
672 1105 820 1184 procedit,
844 1112 874 1164 et
896 1121 999 1164 omnes

137 1200 189 1251 921
204 1192 323 1253 foedere
345 1199 467 1252 naturae
491 1198 572 1251 certo
596 1191 768 1252 discrimina
791 1198 917 1251 servant.

251 1280 287 1340 At
310 1298 402 1359 genus
425 1280 587 1340 humanum
608 1278 701 1340 multo
725 1280 781 1340 suit
804 1278 876 1340 illud
899 1281 931 1339 iu
954 1281 1032 1339 arvis
1106 1301 1143 1342 995

208 1369 325 1449 durius,
347 1375 381 1428 ut
403 1368 515 1449 decuit,
537 1367 625 1428 tellus
648 1367 727 1446 quod
751 1367 825 1426 dura
848 1374 991 1448 creasset,

209 1464 239 1517 et
259 1456 421 1517 maioribus
444 1463 474 1516 et
497 1455 600 1516 solidis
623 1457 716 1533 magis
739 1455 858 1515 ossibus
882 1456 962 1514 intus

137 1561 190 1611 915
209 1545 376 1625 fundatum,
399 1543 503 1605 validis
526 1550 627 1622 aptum
649 1561 704 1621 per
726 1545 840 1602 viscera
862 1545 977 1623 nerviS,

137 1641 262 1692 926nec
285 1630 371 1693 facile
395 1650 432 1692 ex
455 1639 539 1692 aestu
561 1650 616 1691 nec
639 1632 749 1708 frigore
773 1631 852 1708 quod
876 1636 1045 1711 caperetur,

208 1738 263 1780 neo
285 1722 414 1779 novitate
438 1719 497 1779 cibi
520 1737 575 1778 nec
598 1717 657 1778 labi
680 1720 814 1796 corporis
837 1717 904 1779 ulla.
1106 1739 1145 1780 999

207 1806 358 1884 multaque
381 1824 435 1885 per
458 1805 572 1866 caelum
595 1805 665 1866 solis
689 1804 834 1866 volventia
856 1805 950 1866 lustra

208 1894 357 1972 volgivago
380 1895 471 1954 vitam
493 1891 658 1954 tractabant
680 1911 762 1953 more
786 1894 924 1953 ferarum.

138 2000 189 2049 920
208 2000 264 2042 nec
286 1980 426 2042 robustus
450 1989 514 2042 erat
536 1983 619 2041 curvi
641 1980 811 2041 moderator
834 1983 924 2041 aratri

138 2079 189 2130 931
207 2073 377 2151 quisquam,
400 2087 455 2130 nec
479 2067 572 2130 scibat
595 2069 673 2128 ferro
697 2067 831 2128 molirier
853 2086 922 2128 arva

208 2177 263 2220 nec
286 2176 360 2218 nova
383 2157 522 2218 defodere
545 2159 576 2216 in
599 2163 709 2216 terram
732 2155 858 2234 virgulta
880 2173 976 2234 neque
1001 2154 1068 2215 altis
1104 2177 1142 2216 999

208 2245 364 2306 arboribus
387 2251 502 2306 veteres
526 2244 664 2304 decidere
687 2242 803 2304 falcibu'
826 2261 933 2303 ramos.

172 2387 178 2400 .
208 2333 287 2414 quod
311 2333 356 2394 sol
379 2340 466 2411 atque
490 2331 601 2392 imbres
624 2330 775 2411 dederant,
798 2331 877 2409 quod
900 2340 981 2390 terra
1003 2336 1119 2390 crearat

137 2437 188 2488 925
208 2428 313 2500 sponte
338 2439 403 2501 sua,
427 2422 498 2480 satis
520 2419 551 2480 id
574 2417 707 2496 placabat
729 2427 849 2496 pectora
872 2418 990 2478 donum.

135 2516 192 2567 936
209 2509 386 2587 glandiferas
409 2511 488 2569 inter
512 2506 654 2567 curabant
677 2523 801 2584 corpora
824 2524 952 2584 quercus

207 2596 396 2675 plerumque:
419 2603 449 2655 et
471 2613 546 2674 quae
569 2612 649 2654 nunc
671 2592 796 2653 hiberno
819 2601 953 2672 tempore
977 2595 1077 2654 cernis
1107 2615 1145 2654 ero

208 2682 303 2744 arbita
326 2685 452 2761 puniceo
476 2684 542 2742 fieri
563 2688 679 2742 matura
702 2680 814 2761 colore,

204 2771 332 2851 plurima
354 2777 418 2830 tum
441 2769 528 2830 tellus
553 2772 641 2830 etiam
663 2769 774 2829 maiora
797 2768 920 2829 serebat.

136 2876 186 2927 939
204 2859 355 2938 multaque
378 2866 532 2937 praeterea
555 2859 669 2917 novitas
692 2863 756 2916 tum
779 2856 884 2916 dorida
907 2856 1012 2916 mundi

134 2946 310 3026 941pabula
333 2946 407 3006 dura
430 2945 510 3026 tulit,
533 2947 652 3005 miseris
674 2943 848 3004 mortalibus
872 2943 977 3022 ampla.

134 3045 142 3064 ·
205 3043 234 3095 at
257 3035 362 3096 sedare
385 3035 467 3093 sitim
489 3033 571 3092 duvii
594 3032 750 3110 sontesque
774 3029 932 3111 vocabant,
1109 3052 1147 3094 99
1240 3047 1241 3054 “

204 3129 238 3182 ut
260 3140 339 3183 nunc
361 3120 511 3181 montibus
535 3139 552 3179 e
576 3121 691 3197 magnis
715 3119 859 3179 decursus
885 3121 972 3197 aquai

204 3208 296 3286 largu'
320 3210 391 3268 citat
414 3208 471 3268 late
496 3209 633 3268 sitientia
651 3205 747 3266 saecla
770 3207 911 3267 serarum.

134 3313 185 3362 935
206 3295 333 3372 denique
356 3301 426 3354 nota
449 3297 514 3374 vagi
538 3293 684 3354 silvestria
707 3293 817 3372 templa
840 3293 981 3373 petebant

134 3389 188 3440 946
204 3381 414 3460 nympharum,
438 3381 546 3460 quibus
570 3399 586 3441 9
611 3380 726 3441 scibant
748 3381 853 3441 umori'
876 3381 988 3441 lluenta

205 3465 319 3526 lubrica
342 3467 475 3544 proluvie
501 3468 582 3546 larga
605 3467 701 3527 lavere
725 3468 825 3528 umida
843 3486 933 3548 saxa,
1111 3492 1150 3533 999
1240 3499 1241 3552 p

205 3552 305 3612 umida
329 3570 414 3633 saxa,
438 3573 528 3633 super
551 3555 640 3614 viridi
663 3553 802 3615 stillantia
825 3573 941 3636 musco,
