2512 3874
108 228 172 295 178
591 228 631 282 Vl

107 394 159 444 240
179 383 208 438 et
231 385 420 438 monumenta
443 379 538 438 virum
563 373 700 437 demoliri
722 383 810 454 atque
833 371 955 458 †ciere,

178 468 345 528 exanimare
367 466 515 546 homines,
538 465 668 544 pecudes
690 472 881 544 prosternere
903 465 1029 544 passim,

178 561 276 644 cetera
298 555 334 614 de
357 572 466 632 genere
489 554 545 614 hoc
569 572 627 632 qua
649 555 678 612 vi
701 554 798 614 facere
822 555 921 613 omnia
944 554 1074 634 possint,
1125 609 1128 614 .

107 647 163 700 245
175 642 342 722 expediam,
365 660 461 721 neque
485 643 513 704 te
534 643 566 702 in
588 643 745 720 promissis
767 639 853 719 plura
875 641 1022 703 morabor.
1079 662 1121 704 aes

221 729 356 790 Fulmina
378 731 493 808 gignier
516 747 533 789 e
557 732 666 790 crassis
689 729 806 807 alteque
830 729 1021 807 putandumst

107 833 159 884 245
178 817 307 878 nubibus
329 820 485 878 extructis:
508 835 577 878 nam
600 817 680 878 caelo
705 816 786 877 nulla
810 834 917 877 sereno

177 924 233 967 nec
255 905 359 966 leviter
382 905 482 966 densis
505 908 664 966 mittuntur
686 904 815 966 nubibus
838 923 986 983 umquam

178 1011 246 1054 nam
268 992 359 1053 dubio
381 993 485 1072 procul
507 993 563 1054 boc
586 994 652 1054 fieri
674 992 831 1054 manifesta
854 992 940 1053 docet
963 1010 1025 1073 res,

107 1087 165 1140 250
177 1081 255 1160 quod
277 1089 341 1142 tum
363 1099 417 1160 per
438 1087 533 1142 totum
556 1088 754 1142 concrescunt
775 1085 844 1140 aera
866 1080 975 1160 nubes,
1079 1102 1123 1143 aso

178 1168 308 1248 undiquc
332 1171 375 1230 uti
397 1169 536 1230 tenebras
559 1171 655 1230 omnis
678 1169 846 1229 Acherunta
869 1185 988 1228 reamur
1078 1189 1119 1231 sss

108 1274 161 1324 250
178 1257 301 1336 liquisse
324 1265 354 1318 et
376 1275 495 1336 magnas
518 1257 592 1318 caeli
615 1256 779 1335 complesse
803 1274 957 1337 cavernas,
1078 1277 1121 1319 ase

108 1351 166 1405 255
178 1365 246 1406 cum
269 1344 434 1418 commoliri
455 1352 616 1425 tempestas
639 1344 762 1405 fulmina
785 1351 909 1423 coeptat.
1078 1366 1120 1408 ass

179 1441 332 1513 praeterea
353 1451 496 1512 persaepe
519 1437 604 1512 niger
627 1451 744 1512 quoque
768 1450 925 1511 permane
948 1430 1082 1512 nimbus,

179 1528 213 1582 ut
234 1524 310 1600 picis
333 1541 348 1582 e
372 1521 452 1582 caelo
476 1521 637 1582 demissum
659 1521 783 1601 flumen,
808 1521 840 1580 in
862 1520 957 1581 undas

180 1611 224 1669 sic
246 1609 324 1669 cadit
347 1610 468 1669 ellertus
490 1609 622 1672 tenebris
645 1609 749 1688 procul
772 1616 802 1669 et
823 1608 914 1668 trahit
937 1616 1029 1668 atram

110 1713 162 1762 255
181 1696 354 1757 fulminibus
377 1697 527 1775 gravidam
550 1704 755 1775 tempestatem
779 1704 866 1775 atque
889 1695 1041 1777 procelliS,

110 1791 168 1844 260
181 1784 299 1862 ignibus
323 1803 355 1844 ac
378 1786 474 1844 ventis
498 1787 693 1863 cumprimis
716 1787 781 1864 ipse
804 1784 948 1865 repletus,
1077 1807 1121 1847 eso

180 1875 211 1932 in
234 1879 315 1933 terra
337 1889 453 1951 quoque
477 1880 511 1931 ut
532 1872 705 1932 horrescant
728 1892 762 1934 ac
785 1879 863 1932 tecta
885 1874 1047 1951 requirant

182 1962 225 2020 sio
247 1962 338 2038 igitur
362 1978 468 2039 supera
489 1967 626 2021 nostrum
648 1967 737 2039 caput
759 1978 825 2044 esse
848 1960 1039 2039 putandumst

181 2055 387 2127 tempestatem
410 2047 505 2109 altam.
543 2067 639 2126 neque
663 2051 742 2108 enim
765 2047 890 2126 caligine
912 2054 993 2108 tanta

110 2154 163 2203 sco
181 2136 342 2198 obruerent
363 2144 471 2217 terraS,
494 2138 554 2197 nisi
575 2136 759 2197 inaedificata
783 2154 911 2214 superne

110 2233 168 2287 265
179 2225 272 2286 multa
294 2225 391 2285 forent
413 2225 514 2286 multis
538 2231 673 2303 exempto
696 2223 797 2284 nubila
820 2223 895 2284 sole:
1078 2245 1120 2287 ees

181 2332 237 2375 neo
259 2319 340 2374 tauto
363 2319 485 2392 possent
506 2315 659 2373 venientes
684 2314 851 2390 opprimere
874 2311 976 2391 imbri,

181 2402 302 2462 flumina
324 2400 473 2461 abundare
496 2408 530 2462 ut
551 2402 686 2462 facerent
705 2417 883 2478 camposque
905 2406 1020 2479 natare,

183 2491 209 2549 si
232 2506 291 2548 non
314 2494 466 2548 extructus
489 2489 566 2549 foret
588 2488 644 2549 alte
668 2487 798 2548 nubibus
821 2487 930 2548 aether.

53 2605 58 2614 ¹
111 2593 163 2644 scs
181 2576 230 2637 hic
252 2578 343 2652 igitur
365 2577 461 2635 ventis
485 2583 572 2654 atque
595 2575 714 2654 ignibus
738 2577 836 2636 omnia
858 2574 944 2654 plena

111 2669 262 2724 270sunt:
285 2662 351 2722 ideo
374 2665 486 2742 passim
508 2664 644 2724 fremitus
667 2670 698 2724 et
720 2663 836 2742 fulgura
859 2664 942 2723 fiunt.
985 2725 992 2740 ,
1078 2685 1122 2726 rao

182 2753 290 2831 quippe
314 2754 424 2812 etenim
447 2770 537 2830 supra
560 2751 647 2812 docui
668 2751 815 2830 permulta
836 2752 954 2829 vaporis

183 2842 295 2900 semina
318 2837 426 2899 habere
450 2859 535 2900 cavas
558 2839 666 2920 nubes,
689 2846 719 2900 et
740 2839 833 2900 multa
856 2844 1007 2898 necessest

181 2930 338 3006 concipere
361 2945 397 2987 er
421 2927 491 2987 solis
513 2928 605 2988 radiis
629 2927 792 3005 ardoreque
816 2944 927 2988 eorum.

111 3031 163 3080 tto
181 3014 237 3075 boc
259 3015 312 3075 ubi
334 3022 438 3076 ventus
462 3033 511 3075 eas
534 3016 614 3076 idem
638 3018 689 3094 qui
712 3017 791 3092 cogit
813 3017 845 3075 in
868 3033 961 3074 unum
1132 3063 1135 3070 .

109 3103 256 3163 275forte
278 3103 377 3163 locum
400 3105 547 3183 quemvis,
570 3105 717 3182 expressit
740 3101 830 3163 multa
853 3105 970 3181 vaporis
1079 3123 1123 3164 ers

183 3193 296 3250 semina
319 3208 409 3270 seque
433 3190 520 3252 simul
544 3209 611 3251 cum
635 3209 669 3251 eo
693 3192 881 3260 commiscuit
903 3193 978 3270 igni,

183 3280 350 3338 insinuatus
373 3277 416 3338 ibi
437 3287 539 3339 vortex
562 3286 696 3339 versatur
719 3281 750 3338 in
773 3285 837 3338 arto

183 3372 213 3426 et
236 3363 338 3425 calidis
362 3367 440 3426 acuit
462 3365 573 3427 fulmen
596 3366 765 3427 fornacibus
788 3369 882 3426 intus:

112 3470 163 3520 275
183 3471 251 3513 nam
275 3451 386 3530 duplici
408 3455 521 3513 ratione
545 3455 727 3534 accenditur,
750 3457 814 3533 ipse
838 3471 891 3514 sua
914 3469 981 3513 cum

351 3553 353 3558 ’
411 3536 489 3617 [253
509 3540 565 3619 sq]
581 3543 674 3603 =1v
693 3540 755 3604 172
776 3559 818 3621 sq.
