2500 3882
652 227 678 280 Π

231 381 312 435 tanto
336 392 424 452 opere
447 374 583 435 humanis
607 373 770 434 rationibus
794 373 979 434 admoderate

163 471 214 520 170
230 469 363 540 tempora
385 470 499 522 mutare
523 479 667 522 annorum
690 463 847 540 frugesque
872 480 972 522 creare

232 558 263 610 et
284 553 343 609 iam
366 557 476 629 cetera,
498 550 630 610 mortalis
654 569 727 628 quae
752 549 855 610 suadet
878 550 959 610 adire

233 640 354 716 ipsaque
378 637 496 697 deducit
519 638 578 698 dux
601 640 676 698 ritae
700 638 747 697 dia
769 637 902 717 voluptas

233 733 263 786 et
285 744 333 786 res
356 743 411 804 per
433 725 555 785 Veneris
578 725 727 785 blanditur
750 726 844 786 saecla
866 732 1042 805 propagent,

232 832 270 873 ne
293 831 385 891 genus
409 814 523 874 occidat
543 813 712 874 humanum.
750 832 875 893 quorum
898 816 996 873 omnia
1019 831 1105 873 causa

163 912 214 961 175
233 903 423 962 constituisse
447 901 517 962 deos
541 920 608 962 cum
630 903 756 983 tingunt,
780 901 907 962 omnibu’
930 900 1020 962 rebus

232 1007 338 1068 magno
362 1007 450 1067 opere
475 1008 491 1048 a
513 1008 582 1049 vera
604 989 680 1068 lapsi
701 992 814 1050 ratione
838 990 981 1050 videntur.

233 1096 301 1138 nam
325 1080 457 1155 quamvis
480 1095 580 1138 rerum
602 1080 735 1156 ignorem
758 1078 919 1156 primordia
942 1097 1015 1156 quae
1040 1079 1111 1158 sint,

232 1167 289 1226 hoc
311 1172 410 1225 tamen
433 1184 469 1225 ex
492 1167 565 1244 ipsis
589 1165 662 1225 caeli
684 1165 848 1226 rationibus
871 1168 966 1226 ausim

235 1255 408 1314 confirmare
432 1252 555 1331 aliisque
579 1271 615 1312 ex
638 1253 727 1313 rebus
751 1254 874 1313 reddere
897 1254 1011 1334 multis,

164 1350 215 1399 180
234 1359 419 1419 nequaquam
442 1341 528 1400 nobis
551 1341 691 1400 divinitus
714 1359 779 1401 esse
803 1348 930 1401 creatam

234 1437 368 1489 naturam
391 1429 507 1488 mundi:
530 1435 610 1488 tanta
634 1435 691 1488 stat
712 1429 844 1507 praedita
867 1429 960 1508 culpa.

236 1534 309 1597 quae
332 1517 387 1576 tibi
408 1519 570 1596 posterius,
592 1516 723 1596 Memmi,
746 1517 886 1576 iaciemus
911 1523 1023 1595 aperta:

234 1624 312 1666 nunc
335 1605 365 1663 id
388 1605 465 1683 quod
490 1611 626 1682 superest
648 1604 685 1664 de
707 1603 838 1664 motibus
862 1604 1062 1683 expediemus.

279 1693 363 1752 Nunc
381 1692 463 1753 locus
483 1699 536 1773 est,
554 1700 587 1753 nt
605 1695 718 1772 opinor,
737 1694 769 1752 in
786 1693 833 1752 his
852 1692 924 1753 iilud
944 1711 1059 1772 quoque
1076 1692 1165 1753 rebus

166 1789 217 1838 185
236 1782 409 1841 confirmare
432 1780 500 1860 tibi,
525 1779 634 1840 nullam
656 1799 720 1840 rem
741 1799 829 1859 posse
852 1800 905 1841 sua
927 1783 956 1841 vi

236 1887 407 1947 corpoream
430 1887 548 1928 sursum
571 1869 643 1929 terri
666 1887 842 1946 sursumque
864 1887 972 1929 meare.

236 1974 273 2017 ne
296 1955 351 2016 tibi
374 1956 444 2016 dent
465 1959 497 2015 in
520 1975 554 2016 eo
578 1957 760 2017 flammarum
784 1975 907 2035 corpora
930 1957 1076 2017 fraudem:

237 2063 340 2106 sursus
364 2046 443 2104 enim
464 2062 568 2104 versus
591 2047 751 2122 gignuntur
773 2051 803 2104 et
825 2047 960 2122 augmina
984 2051 1117 2125 sumunt,

236 2127 245 2215 d
259 2139 289 2192 et
312 2149 430 2192 sursum
452 2132 562 2191 nitidae
586 2133 686 2208 fruges
709 2130 886 2210 arbustaque
910 2139 1059 2212 crescunt,
1076 2131 1087 2211 d

167 2228 219 2277 190
236 2220 375 2300 pondera,
390 2226 530 2297 qnantum
544 2221 575 2279 in
590 2227 658 2298 sest,
673 2238 739 2279 cum
755 2219 894 2280 deorsum
907 2225 1012 2279 cuncta
1024 2219 1165 2279 ferantur.

236 2327 292 2368 nec
315 2325 381 2367 cum
405 2307 564 2366 subsiliunt
585 2308 669 2384 ignes
693 2306 728 2366 ad
751 2313 828 2366 tecta
852 2307 1004 2366 domorum

237 2404 268 2456 et
289 2395 379 2455 celeri
401 2395 518 2454 flamma
540 2395 695 2472 degustant
716 2396 797 2473 tigna
820 2393 989 2475 trabesque,

238 2490 342 2563 sponte
366 2501 419 2543 sua
441 2482 537 2542 facere
562 2483 591 2542 id
615 2485 678 2542 sine
701 2485 731 2542 vi
754 2481 898 2543 subermte
920 2483 1118 2562 putandumst.

238 2572 316 2650 quod
338 2588 443 2650 genus,
467 2589 482 2630 e
506 2577 606 2630 nostro
630 2589 697 2630 cum
720 2573 828 2632 missus
852 2588 975 2649 corpore
999 2574 1116 2650 sanguis

168 2669 218 2718 195
237 2662 344 2720 emicat
366 2658 499 2718 exultans
522 2657 579 2718 alte
602 2661 771 2738 spargitque
794 2677 939 2720 cruorem.

237 2765 335 2807 nonne
357 2747 439 2806 vides
462 2748 551 2806 etiam
574 2753 681 2825 quanta
704 2750 732 2806 vi
754 2749 836 2826 tigna
858 2748 1016 2826 trabesque

237 2841 357 2914 respuat
379 2852 464 2894 umor
487 2831 600 2912 aquae?
636 2853 703 2894 nam
727 2854 784 2913 quo
807 2839 900 2915 magis
923 2838 1052 2896 ursimus
1077 2835 1133 2896 alte

238 2923 357 2984 derecta
379 2928 409 2982 et
430 2940 535 3000 magna
557 2925 587 2982 vi
608 2922 694 2984 multi
715 2927 878 3002 pressimus
902 2942 1001 3001 aegre,

235 3019 296 3072 tam
320 3010 425 3089 cupide
449 3029 567 3072 sursum
589 3014 714 3071 revomit
736 3014 830 3090 magis
853 3019 939 3089 atque
962 3011 1101 3091 remittit,

166 3109 218 3158 200
236 3100 304 3180 plus
327 3107 360 3160 ut
381 3107 464 3178 parte
488 3099 566 3159 foras
590 3105 741 3177 emergant
764 3099 949 3176 exiliuntque.

237 3207 292 3249 nec
314 3196 412 3249 tamen
434 3188 519 3268 haee,
543 3194 713 3265 quantumst
735 3187 766 3246 in
788 3205 833 3267 se,
856 3185 1031 3266 dubitamus,
1056 3189 1169 3268 opinor,

238 3279 309 3355 quin
331 3294 455 3335 vacuum
477 3293 532 3355 per
554 3277 640 3336 inane
664 3275 803 3335 deorsum
826 3281 930 3335 cuneta
953 3276 1092 3334 terantur.

237 3365 393 3441 sicigitur
416 3362 524 3423 debent
546 3364 679 3424 tlammae
704 3379 820 3440 qnoque
843 3381 930 3441 posse
953 3381 1007 3441 per
1030 3381 1115 3423 auras

236 3453 313 3511 airis
336 3467 492 3528 expressae
516 3469 634 3511 sursum
657 3449 831 3530 succedere,
854 3439 1054 3529 quamquam'

165 3547 217 3598 205
235 3538 375 3620 pondera,
398 3545 540 3616 quantum
561 3541 592 3598 in
615 3545 685 3618 sest,
708 3538 847 3598 deorsum
865 3539 1011 3599 deducere
1029 3545 1169 3616 pugnent.
