2500 3882
613 215 627 272 1

188 363 335 442 principio
358 360 541 422 fundamenti
562 368 667 422 natura
690 359 809 422 carebit.

108 459 169 510 575
189 457 260 524 sunt
281 452 371 528 igitur
394 447 487 510 solida
509 448 648 528 pollentia
672 448 874 528 simplicitate,

112 547 173 599 575
189 556 315 618 quorum
338 536 486 598 condenso
508 539 603 616 magis
626 539 724 598 omnia
747 535 905 598 conciliatu
1083 549 1124 590 era

142 654 145 668 ·
189 628 280 688 artari
302 632 427 705 possunt
448 623 617 704 validasque
639 625 795 688 ostendere
818 627 898 685 viris.
916 621 927 704 n

233 713 367 792 Denique
390 715 449 776 iam
472 714 610 791 quoniam
632 715 795 792 generatim
818 713 933 773 reddita
955 713 1022 774 tinis

115 809 176 863 505
189 800 343 864 oreseendi
365 799 455 864 rebus
478 808 593 862 oonsiat
615 803 763 880 vitamque
785 800 919 882 tenendi,
1084 811 1124 852 000

114 897 172 948 500
191 897 221 950 et
244 888 315 968 quid
338 907 472 968 quaeque
495 896 605 967 queant
626 907 680 969 per
702 887 821 950 foedera
843 890 972 968 naturai,

191 976 262 1056 qnid
284 995 373 1064 porro
397 967 559 1058 nequeant,
581 979 724 1039 sancitum
743 975 987 1056 qnandoquidem
1009 981 1102 1055 extat,

191 1084 247 1126 neo
268 1071 465 1128 commutatur
488 1068 658 1148 quiequam,
681 1067 753 1145 quin
776 1067 875 1126 omnia
898 1071 1033 1125 constent

114 1206 118 1219 .
191 1171 285 1231 usque
309 1153 395 1234 adeo,
417 1154 515 1214 variae
537 1152 671 1214 volueres
694 1154 782 1214 utin
804 1153 908 1215 ordine
931 1159 1054 1214 0000100

117 1249 176 1302 590
192 1241 348 1307 ostendant
369 1239 499 1304 maculas
522 1240 813 1321 generalisoorpore
836 1244 949 1322 inesse,
1085 1251 1125 1294 000

117 1338 173 1403 585
192 1328 367 1392 inmuehili’
390 1331 530 1392 materiae
554 1347 669 1408 quoquo
694 1345 801 1407 eorpus
823 1328 931 1389 habere

194 1417 316 1498 debent,
339 1419 492 1481 nimirum:
514 1435 583 1478 nam
605 1419 632 1478 si
653 1415 816 1496 primordia
837 1433 939 1478 rerum

193 1507 367 1566 commutari
390 1505 487 1584 aliqua
509 1511 634 1583 possent
652 1507 767 1567 ratione
788 1506 911 1584 revicta,

193 1597 340 1655 inoertum
363 1611 479 1672 quoque
502 1594 562 1652 iam
584 1599 700 1654 constet
722 1591 792 1671 quid
815 1593 909 1671 possit
932 1593 1018 1673 oriri,

119 1689 177 1742 595
194 1681 265 1762 quid
287 1688 427 1761 nequeat,
449 1681 531 1745 finita
553 1686 683 1760 potestas
706 1681 833 1759 denique
856 1682 963 1760 euique
1087 1691 1126 1734 005

118 1777 175 1829 500
195 1788 321 1850 quanam
344 1771 383 1830 sit
405 1770 519 1830 ratione
542 1775 629 1848 atque
653 1766 709 1830 alte
732 1771 877 1830 terminus
899 1769 1039 1851 haerena,

194 1877 249 1920 neo
272 1859 381 1918 totiens
403 1863 526 1936 possent
547 1859 710 1936 generatim
733 1857 828 1918 saeola
849 1858 963 1918 referre

193 1953 329 2008 naturam
351 1961 449 2004 mores
471 1947 581 2006 vietum
603 1952 759 2024 motusque
783 1953 945 2025 parentum.

122 2091 124 2098 .
238 2034 313 2094 Tum
337 2050 426 2111 porro
450 2034 618 2112 quoniamst
640 2040 804 2094 extremum
827 2033 963 2112 qnodque
986 2049 1126 2094 eaeumen

617 2138 636 2180 s

120 2217 180 2270 000
195 2207 327 2289 corporis
351 2205 444 2287 illius,
467 2207 545 2284 quod
567 2209 662 2270 nostri
684 2225 806 2269 cernere
830 2225 935 2268 sensus
1088 2221 1129 2261 eoo

120 2305 176 2356 505
194 2301 252 2358 iam
275 2300 440 2376 noqueunt,
463 2294 506 2375 id,
528 2296 682 2376 nimirum,
706 2298 770 2356 sine
792 2293 925 2373 partibus
949 2301 1028 2355 extat

195 2393 225 2446 et
245 2387 367 2448 minima
390 2389 506 2445 constat
525 2390 630 2447 natura
651 2401 706 2444 neo
728 2383 785 2444 init
806 2399 945 2460 umquam

194 2491 248 2553 per
271 2491 302 2534 se
326 2480 474 2536 seoretum
496 2489 594 2550 neque
616 2471 738 2550 posthae
761 2487 827 2532 esse
850 2469 970 2550 vaiebit,

195 2560 316 2622 alterius
339 2562 508 2638 quoniamst
529 2561 627 2638 ipsum
650 2577 718 2638 pars
740 2561 908 2640 primaque,
929 2566 961 2619 et
982 2577 1041 2620 una

123 2655 179 2708 005
192 2647 262 2709 inde
276 2641 357 2708 ¹aliae
380 2655 467 2726 atque
490 2647 565 2710 eliae
588 2647 699 2708 similes
722 2665 759 2707 en
783 2646 886 2708 ordine
908 2654 1008 2726 partes
1088 2661 1129 2702 eos

121 2747 176 2796 000
195 2738 310 2815 agmine
334 2735 482 2797 condenso
505 2743 639 2799 naturam
661 2737 795 2814 eorporis
817 2735 949 2817 explent3

196 2843 270 2905 qnae
293 2826 431 2904 quoniam
453 2842 507 2903 per
529 2842 561 2884 se
584 2831 736 2903 nequeunt
759 2831 908 2904 constare,
928 2829 1082 2892 necessest

194 2913 319 2975 haerere
340 2912 419 2987 unde
443 2918 551 2990 queant
573 2911 653 2972 nulla
675 2914 789 2974 ratione
812 2911 922 2974 revelli.

196 3009 265 3084 sunt
287 3003 378 3079 igitur
400 3000 492 3062 solida
515 3000 677 3078 primordia
699 2999 900 3080 simplicitate,

123 3097 180 3148 010
197 3107 271 3168 quae
293 3091 424 3150 minimis
446 3091 553 3168 stipata
575 3088 732 3150 cohaerent
754 3086 888 3166 partibus
910 3091 986 3166 arte,
1089 3099 1129 3139 oro

123 3185 176 3235 005
204 3196 265 3238 non
288 3195 323 3237 ex
346 3177 462 3238 illarum
485 3184 632 3238 conventu
654 3174 820 3255 conciliata,

195 3264 248 3327 sed
271 3268 364 3344 magis
387 3273 505 3327 aeterna
527 3263 667 3344 pollentia
690 3262 891 3342 simplieitate3

127 3401 131 3414 .
195 3353 274 3414 unde
297 3372 392 3433 neque
416 3352 500 3414 avelli
523 3353 680 3430 quiequam
703 3368 800 3428 neque
824 3349 956 3412 deminui
979 3352 1038 3410 iam

195 3442 331 3504 coneedit
352 3449 456 3503 natura
479 3457 634 3500 reservans
657 3441 771 3500 semina
793 3437 891 3498 robus.

122 3537 179 3588 615
193 3538 346 3610 praeterea
368 3531 428 3592 nisi
450 3531 508 3590 erit
530 3529 697 3608 minimum,
720 3527 894 3606 parvissima
918 3542 1050 3604 quaeque
1088 3535 1129 3576 ⁶1⁵

176 3639 317 3680 Lucanum.
331 3641 366 3682 ad.
380 3639 507 3690 Brieger.
901 3631 915 3676 2
