2500 3882
101 228 144 291 34
586 228 612 282 Π

101 383 135 432 60
153 393 212 435 non
235 375 310 434 radii
334 375 404 435 solis
428 393 523 452 neque
546 373 644 436 lucida
667 374 724 435 tela
748 375 808 435 diei

154 463 324 544 discutiant,
348 463 400 524 sed
423 471 544 523 naturae
568 465 682 542 species
705 465 848 542 ratioque.

198 551 282 612 Nunc
306 569 372 631 age,
396 567 452 628 quo
476 557 557 610 motu
580 550 717 628 genitalia
741 553 875 611 materiai

155 657 278 718 corpora
300 657 349 698 res
371 640 466 697 varias
490 641 611 716 gignant
633 640 804 717 genitasque
827 639 989 720 resolvant,

154 734 264 805 etqua
286 728 314 785 vi
337 727 432 785 lacere
455 725 486 784 id
510 732 664 806 cogantur,
687 725 820 805 quaeque
844 729 883 787 sit
906 727 971 788 ollis

102 823 134 872 65
153 815 271 888 reddita*
290 813 437 873 mobilitas
457 828 599 892 magnum
621 833 676 893 per
698 817 785 874 inane
808 815 939 896 meandi,

153 902 321 981 expediam:
344 909 377 961 tu
399 908 428 961 te
452 895 704 981 dictis'praebere
722 882 887 963 brementoss

153 1007 221 1049 nam
244 996 324 1050 certe
347 1007 406 1049 non
429 991 506 1050 inter
529 1008 561 1050 se
585 993 691 1068 stipata
714 991 852 1051 cohaeret

154 1079 305 1158 materies,
329 1079 467 1155 quoniam
490 1079 585 1137 minui
607 1074 671 1138 rem
695 1097 839 1157 quamque
862 1079 1011 1162 ridemuS,

154 1173 183 1225 ct
206 1168 290 1244 quasi
313 1165 472 1244 longinquo
495 1165 587 1226 lluere
612 1169 709 1226 omnia
732 1168 881 1227 cernimus
905 1186 974 1236 aero

103 1263 135 1312 70
152 1272 190 1313 ex
213 1254 365 1332 oculisque
388 1260 564 1314 vetustatem
588 1253 752 1315 subducere
775 1257 899 1336 nostris,

154 1361 221 1402 oum
243 1349 342 1403 tamen
364 1341 521 1402 incolumis
544 1342 677 1402 videatur
701 1345 817 1402 summa
836 1361 956 1404 manere

153 1437 311 1509 propterea
334 1433 415 1511 quia,
439 1449 512 1509 qnae
536 1430 682 1491 decedunt
705 1448 829 1508 corpora
852 1433 971 1513 cuique,

155 1519 232 1578 unde
256 1518 364 1578 abeunt
385 1521 535 1598 minuunt,
558 1537 616 1596 quo
639 1536 746 1578 venere
769 1519 905 1596 augmine
930 1519 1048 1581 donant.

154 1605 204 1674 illa
227 1624 381 1666 senescere
404 1613 434 1666 at
455 1607 528 1666 baec
551 1613 653 1666 contra
675 1605 832 1666 florescere
857 1615 976 1689 cogunt,

103 1701 135 1749 ‘15
155 1712 209 1753 neo
232 1700 418 1753 remorantur
441 1693 491 1753 ibi.
528 1695 571 1752 sic
593 1707 694 1753 rerum
718 1712 831 1754 summa
854 1702 976 1756 noratur

156 1798 284 1860 semper,
308 1787 338 1840 ct
360 1783 438 1840 inter
457 1785 492 1840 ‘se
516 1780 658 1841 mortales·
678 1788 779 1842 mutua
801 1784 909 1843 vivunt.

155 1875 316 1946 augescunt
338 1868 411 1928 aliae
435 1875 551 1949 gentes,
574 1867 645 1956 aliae
669 1872 855 1950 minuuntur,

155 1943 351 2034 inque'brevi
373 1958 467 2035 spatio
491 1963 641 2017 mutantur
664 1957 758 2018 saecla
781 1961 961 2020 animantum

155 2051 185 2104 et
207 2046 291 2122 quasi
313 2062 450 2104 cursores
474 2047 543 2105 vitai
565 2044 698 2124 lampada
720 2046 848 2106 tradunt.

103 2141 136 2190 80
199 2131 231 2192 Si
254 2150 370 2192 cessare
392 2139 479 2210 putas
501 2150 601 2193 rerum
624 2134 785 2212 primordia
806 2152 894 2213 posse

155 2221 355 2300 cessandoque
378 2239 469 2280 novos
492 2239 593 2281 rerum
615 2224 791 2300 progignere
814 2229 925 2303 motus,

154 2311 236 2369 avius
258 2327 275 2368 a
297 2327 366 2368 vera
388 2309 474 2387 longe
497 2311 610 2369 ratione
633 2311 755 2388 vagaris

153 2414 221 2456 nam
245 2399 383 2474 quoniam
406 2398 568 2475 perinane
591 2404 745 2478 vagantur,
768 2405 873 2458 cuncta
895 2407 1048 2460 necessest

155 2491 204 2544 aut
226 2486 366 2560 gravitate
390 2503 441 2544 sua
465 2485 537 2544 ferri
558 2485 719 2562 primordia
741 2503 855 2567 rernm,

102 2580 134 2628 85
154 2578 203 2630 aut
225 2572 286 2630 ictu
309 2571 384 2631 forte
407 2571 537 2631 alterius,
573 2590 641 2631 nam
663 2589 732 2633 cnm
755 2576 812 2634 cita
835 2591 922 2653 saepe

154 2657 237 2717 obvia
260 2658 432 2739 conflixere,
454 2660 488 2718 lit
510 2666 543 2719 ut
566 2659 681 2720 diversa
704 2668 825 2739 repento

154 2745 312 2826 dissiliant,
335 2763 430 2823 neque
454 2749 532 2806 enim
555 2749 677 2828 mirum,
700 2748 858 2810 durissima
881 2768 955 2828 quae
979 2752 1038 2811 sint

152 2833 333 2914 ponderibus
357 2834 458 2894 solidis
482 2853 577 2912 neque
601 2837 758 2914 quicquam
777 2856 794 2897 a
811 2845 893 2915 tergo
912 2837 979 2899 ibus
998 2838 1105 2901 obstet.

153 2930 183 2983 ct
206 2940 262 3002 quo
286 2924 390 2982 iactari
412 2925 504 3000 magis
529 2925 625 2983 omnia
648 2927 782 2985 materiai

101 3019 134 3066 90
153 3029 276 3089 corpora
298 3010 466 3090 pervideas,
488 3013 679 3072 reminiscere
702 3014 794 3073 totius
817 3015 909 3074 imum

153 3097 195 3158 nil
218 3117 283 3158 esse
306 3101 338 3159 in
361 3116 488 3179 summa,
511 3117 606 3178 neque
629 3099 738 3162 babere
761 3100 812 3161 ubi
835 3119 957 3181 corpora
979 3105 1075 3182 prima

153 3188 327 3266 consistant,
351 3189 489 3265 quoniam
512 3189 640 3266 spatium
664 3191 727 3249 sine
750 3190 808 3250 fine
831 3189 1019 3272 modoquest,

152 3275 378 3351 inmensumque
401 3281 501 3353 patere
524 3277 557 3333 in
580 3282 699 3338 cunctas
722 3277 853 3355 undique
875 3281 968 3356 partis

152 3358 286 3437 pluribus
310 3362 425 3421 ostendi
449 3369 479 3422 et
502 3369 582 3423 certa
604 3365 716 3423 ratione
739 3364 931 3442 probatumst.

100 3445 230 3523 eoquod
255 3449 393 3523 quoniam
416 3456 543 3529 constat,
565 3451 718 3531 nimirum,
740 3451 819 3512 nulla
843 3453 926 3529 quies
950 3462 996 3514 est

152 3532 267 3592 reddita
291 3534 463 3612 corporibus
486 3539 591 3616 primis
613 3556 668 3616 per
690 3541 776 3598 inane
799 3539 991 3622 profundum,
