<?xml version="1.0" encoding="UTF-8"?>
<!DOCTYPE html PUBLIC "-//W3C//DTD XHTML 1.0 Transitional//EN"
    "http://www.w3.org/TR/xhtml1/DTD/xhtml1-transitional.dtd">
<html xmlns="http://www.w3.org/1999/xhtml" xml:lang="en" lang="en">
 <head>
  <title>
</title>
<meta http-equiv="Content-Type" content="text/html;charset=utf-8" />
  <meta name='ocr-system' content='tesseract 3.04.00' />
  <meta name='ocr-capabilities' content='ocr_page ocr_carea ocr_par ocr_line ocrx_word'/>
</head>
<body>
  <div class='ocr_page' id='page_1' title='image "./tlucreticarider20carugoog_0012.png"; bbox 0 0 2496 3876; ppageno 0'>
   <div class='ocr_carea' id='block_1_1' title="bbox 443 911 844 1000">
    <p class='ocr_par' dir='ltr' id='par_1_1' title="bbox 443 911 844 1000">
     <span class='ocr_line' id='line_1_1' title="bbox 443 911 844 1000; baseline 0.012 -6"><span class='ocrx_word' id='word_1_1' title='bbox 443 911 844 1000; x_wconf 75' lang='lat' dir='ltr'>Pudnusomuun.</span> 
     </span>
    </p>
   </div>
   <div class='ocr_carea' id='block_1_2' title="bbox 591 1083 697 1091">
    <p class='ocr_par' dir='ltr' id='par_1_2' title="bbox 591 1083 697 1091">
     <span class='ocr_line' id='line_1_2' title="bbox 591 1083 697 1091; baseline 0.009 -1"><span class='ocrx_word' id='word_1_2' title='bbox 591 1083 697 1091; x_wconf 83' lang='lat'>——</span> 
     </span>
    </p>
   </div>
   <div class='ocr_carea' id='block_1_3' title="bbox 234 1185 1146 1267">
    <p class='ocr_par' dir='ltr' id='par_1_3' title="bbox 234 1185 1146 1267">
     <span class='ocr_line' id='line_1_3' title="bbox 234 1185 1146 1267; baseline 0.001 -17"><span class='ocrx_word' id='word_1_3' title='bbox 234 1189 358 1250; x_wconf 82' lang='lat' dir='ltr'><strong>Carmen</strong></span> <span class='ocrx_word' id='word_1_4' title='bbox 371 1185 580 1248; x_wconf 88' lang='lat' dir='ltr'>Lucretianum</span> <span class='ocrx_word' id='word_1_5' title='bbox 599 1206 666 1248; x_wconf 91' lang='lat' dir='ltr'>cum</span> <span class='ocrx_word' id='word_1_6' title='bbox 685 1196 714 1248; x_wconf 89' lang='lat' dir='ltr'>et</span> <span class='ocrx_word' id='word_1_7' title='bbox 731 1191 865 1267; x_wconf 80' lang='lat' dir='ltr'>proximo</span> <span class='ocrx_word' id='word_1_8' title='bbox 885 1191 1000 1251; x_wconf 91' lang='lat' dir='ltr'>saeculo</span> <span class='ocrx_word' id='word_1_9' title='bbox 1016 1199 1045 1251; x_wconf 89' lang='lat' dir='ltr'>et</span> <span class='ocrx_word' id='word_1_10' title='bbox 1057 1191 1146 1252; x_wconf 91' lang='lat' dir='ltr'>huius</span> 
     </span>
    </p>
   </div>
   <div class='ocr_carea' id='block_1_4' title="bbox 141 1275 1148 3645">
    <p class='ocr_par' dir='ltr' id='par_1_4' title="bbox 141 1275 1148 3645">
     <span class='ocr_line' id='line_1_4' title="bbox 145 1275 1146 1356; baseline 0 -17"><span class='ocrx_word' id='word_1_11' title='bbox 145 1277 254 1338; x_wconf 87' lang='lat' dir='ltr'>saeculi</span> <span class='ocrx_word' id='word_1_12' title='bbox 280 1278 386 1356; x_wconf 91' lang='lat' dir='ltr'>primis</span> <span class='ocrx_word' id='word_1_13' title='bbox 413 1275 515 1335; x_wconf 88' lang='lat' dir='ltr'>lustris</span> <span class='ocrx_word' id='word_1_14' title='bbox 543 1275 578 1335; x_wconf 89' lang='lat' dir='ltr'>ab</span> <span class='ocrx_word' id='word_1_15' title='bbox 605 1276 774 1336; x_wconf 91' lang='lat' dir='ltr'>hominihus</span> <span class='ocrx_word' id='word_1_16' title='bbox 801 1280 882 1336; x_wconf 92' lang='lat' dir='ltr'>omni</span> <span class='ocrx_word' id='word_1_17' title='bbox 907 1279 954 1337; x_wconf 91' lang='grc'>111</span> <span class='ocrx_word' id='word_1_18' title='bbox 978 1298 1078 1339; x_wconf 87' lang='lat' dir='ltr'>rerum</span> <span class='ocrx_word' id='word_1_19' title='bbox 1100 1279 1146 1339; x_wconf 88' lang='lat' dir='ltr'>vel</span> 
     </span>
     <span class='ocr_line' id='line_1_5' title="bbox 145 1363 1146 1442; baseline 0.001 -16"><span class='ocrx_word' id='word_1_20' title='bbox 145 1369 216 1427; x_wconf 90' lang='lat' dir='ltr'>artis</span> <span class='ocrx_word' id='word_1_21' title='bbox 243 1367 348 1425; x_wconf 89' lang='lat' dir='ltr'>notitia</span> <span class='ocrx_word' id='word_1_22' title='bbox 376 1363 525 1423; x_wconf 85' lang='lat' dir='ltr'>destitutis</span> <span class='ocrx_word' id='word_1_23' title='bbox 553 1370 602 1424; x_wconf 92' lang='lat' dir='ltr'>aut</span> <span class='ocrx_word' id='word_1_24' title='bbox 624 1367 789 1423; x_wconf 87' lang='lat' dir='ltr'>temerariis</span> <span class='ocrx_word' id='word_1_25' title='bbox 811 1365 857 1424; x_wconf 89' lang='lat' dir='ltr'>vel</span> <span class='ocrx_word' id='word_1_26' title='bbox 881 1366 995 1442; x_wconf 78' lang='lat' dir='ltr'>stolidis</span> <span class='ocrx_word' id='word_1_27' title='bbox 1018 1368 1146 1427; x_wconf 88' lang='lat' dir='ltr'>incredi-</span> 
     </span>
     <span class='ocr_line' id='line_1_6' title="bbox 144 1453 1147 1532; baseline -0.001 -17"><span class='ocrx_word' id='word_1_28' title='bbox 144 1454 233 1515; x_wconf 84' lang='lat' dir='ltr'>bilem</span> <span class='ocrx_word' id='word_1_29' title='bbox 256 1456 288 1513; x_wconf 90' lang='lat' dir='ltr'>in</span> <span class='ocrx_word' id='word_1_30' title='bbox 310 1453 430 1512; x_wconf 90' lang='lat' dir='ltr'>modum</span> <span class='ocrx_word' id='word_1_31' title='bbox 453 1459 624 1530; x_wconf 89' lang='lat' dir='ltr'>corruptum</span> <span class='ocrx_word' id='word_1_32' title='bbox 647 1460 734 1532; x_wconf 81' lang='lat' dir='ltr'>esset,</span> <span class='ocrx_word' id='word_1_33' title='bbox 757 1455 886 1513; x_wconf 77' lang='lat' dir='ltr'>restituit</span> <span class='ocrx_word' id='word_1_34' title='bbox 909 1454 1078 1514; x_wconf 82' lang='lat' dir='ltr'>felicissime</span> <span class='ocrx_word' id='word_1_35' title='bbox 1101 1457 1147 1514; x_wconf 83' lang='lat' dir='ltr'>vir</span> 
     </span>
     <span class='ocr_line' id='line_1_7' title="bbox 145 1539 1145 1621; baseline 0 -19"><span class='ocrx_word' id='word_1_36' title='bbox 145 1550 175 1602; x_wconf 89' lang='lat' dir='ltr'>et</span> <span class='ocrx_word' id='word_1_37' title='bbox 206 1543 325 1620; x_wconf 85' lang='lat' dir='ltr'>ingenio</span> <span class='ocrx_word' id='word_1_38' title='bbox 357 1548 386 1600; x_wconf 89' lang='lat' dir='ltr'>et</span> <span class='ocrx_word' id='word_1_39' title='bbox 417 1539 551 1599; x_wconf 88' lang='lat' dir='ltr'>doctrina</span> <span class='ocrx_word' id='word_1_40' title='bbox 582 1557 659 1600; x_wconf 90' lang='lat' dir='ltr'>unus</span> <span class='ocrx_word' id='word_1_41' title='bbox 692 1543 823 1600; x_wconf 93' lang='lat' dir='ltr'>omnium</span> <span class='ocrx_word' id='word_1_42' title='bbox 854 1544 993 1621; x_wconf 88' lang='lat' dir='ltr'>princeps</span> <span class='ocrx_word' id='word_1_43' title='bbox 1024 1541 1145 1602; x_wconf 80' lang='lat' dir='ltr'>Carolus</span> 
     </span>
     <span class='ocr_line' id='line_1_8' title="bbox 144 1629 1147 1706; baseline -0.001 -15"><span class='ocrx_word' id='word_1_44' title='bbox 144 1631 356 1691; x_wconf 90' lang='lat' dir='ltr'>Lachmannus.</span> <span class='ocrx_word' id='word_1_45' title='bbox 401 1630 459 1687; x_wconf 91' lang='lat' dir='ltr'>iam</span> <span class='ocrx_word' id='word_1_46' title='bbox 487 1646 554 1688; x_wconf 91' lang='lat' dir='ltr'>cum</span> <span class='ocrx_word' id='word_1_47' title='bbox 580 1636 683 1706; x_wconf 88' lang='lat' dir='ltr'>pectus</span> <span class='ocrx_word' id='word_1_48' title='bbox 710 1629 844 1689; x_wconf 85' lang='lat' dir='ltr'>hortetur</span> <span class='ocrx_word' id='word_1_49' title='bbox 870 1632 957 1690; x_wconf 91' lang='lat' dir='ltr'>utin</span> <span class='ocrx_word' id='word_1_50' title='bbox 979 1631 1067 1691; x_wconf 89' lang='lat' dir='ltr'>huius</span> <span class='ocrx_word' id='word_1_51' title='bbox 1090 1633 1147 1690; x_wconf 87' lang='lat' dir='ltr'>viri</span> 
     </span>
     <span class='ocr_line' id='line_1_9' title="bbox 143 1716 1146 1800; baseline -0.001 -21"><span class='ocrx_word' id='word_1_52' title='bbox 143 1718 245 1779; x_wconf 92' lang='lat' dir='ltr'>laudes</span> <span class='ocrx_word' id='word_1_53' title='bbox 268 1735 315 1777; x_wconf 90' lang='lat' dir='ltr'>me</span> <span class='ocrx_word' id='word_1_54' title='bbox 335 1716 491 1796; x_wconf 83' lang='lat' dir='ltr'>effundam,</span> <span class='ocrx_word' id='word_1_55' title='bbox 514 1719 661 1776; x_wconf 84' lang='lat' dir='ltr'>succurrit</span> <span class='ocrx_word' id='word_1_56' title='bbox 681 1717 753 1777; x_wconf 93' lang='lat' dir='ltr'>illud</span> <span class='ocrx_word' id='word_1_57' title='bbox 772 1717 807 1777; x_wconf 91' lang='lat' dir='ltr'>ah</span> <span class='ocrx_word' id='word_1_58' title='bbox 827 1718 963 1779; x_wconf 92' lang='lat' dir='ltr'>omnibus</span> <span class='ocrx_word' id='word_1_59' title='bbox 981 1719 1146 1800; x_wconf 79' lang='lat' dir='ltr'>probatum,</span> 
     </span>
     <span class='ocr_line' id='line_1_10' title="bbox 143 1804 1146 1887; baseline 0 -21"><span class='ocrx_word' id='word_1_60' title='bbox 143 1807 363 1867; x_wconf 90' lang='lat' dir='ltr'>Lachmannum</span> <span class='ocrx_word' id='word_1_61' title='bbox 394 1804 512 1864; x_wconf 90' lang='lat' dir='ltr'>laudare</span> <span class='ocrx_word' id='word_1_62' title='bbox 544 1805 616 1864; x_wconf 85' lang='lat' dir='ltr'>velle</span> <span class='ocrx_word' id='word_1_63' title='bbox 649 1805 836 1865; x_wconf 88' lang='lat' dir='ltr'>ambitiosum</span> <span class='ocrx_word' id='word_1_64' title='bbox 864 1825 937 1867; x_wconf 90' lang='lat' dir='ltr'>esse.</span> <span class='ocrx_word' id='word_1_65' title='bbox 988 1808 1067 1886; x_wconf 92' lang='lat' dir='ltr'>quod</span> <span class='ocrx_word' id='word_1_66' title='bbox 1095 1810 1146 1887; x_wconf 92' lang='lat' dir='ltr'>qui</span> 
     </span>
     <span class='ocr_line' id='line_1_11' title="bbox 143 1890 1147 1974; baseline 0 -20"><span class='ocrx_word' id='word_1_67' title='bbox 143 1897 258 1974; x_wconf 91' lang='lat' dir='ltr'>primus</span> <span class='ocrx_word' id='word_1_68' title='bbox 286 1894 360 1952; x_wconf 82' lang='lat' dir='ltr'>dixit</span> <span class='ocrx_word' id='word_1_69' title='bbox 381 1891 504 1953; x_wconf 91' lang='lat' dir='ltr'>lacobus</span> <span class='ocrx_word' id='word_1_70' title='bbox 526 1890 704 1971; x_wconf 82' lang='lat' dir='ltr'>Bernaysius</span> <span class='ocrx_word' id='word_1_71' title='bbox 730 1912 806 1954; x_wconf 93' lang='lat' dir='ltr'>anuo</span> <span class='ocrx_word' id='word_1_72' title='bbox 828 1893 1003 1956; x_wconf 85' lang='lat' dir='ltr'>MDCCCLII</span> <span class='ocrx_word' id='word_1_73' title='bbox 1028 1913 1147 1956; x_wconf 87' lang='lat' dir='ltr'>carmen</span> 
     </span>
     <span class='ocr_line' id='line_1_12' title="bbox 144 1975 1146 2062; baseline -0.001 -19"><span class='ocrx_word' id='word_1_74' title='bbox 144 1983 180 2043; x_wconf 91' lang='lat' dir='ltr'>de</span> <span class='ocrx_word' id='word_1_75' title='bbox 204 2000 304 2042; x_wconf 92' lang='lat' dir='ltr'>rerum</span> <span class='ocrx_word' id='word_1_76' title='bbox 326 1988 430 2040; x_wconf 88' lang='lat' dir='ltr'>natura</span> <span class='ocrx_word' id='word_1_77' title='bbox 454 1975 669 2060; x_wconf 56' lang='grc' dir='ltr'>ε1111111111,</span> <span class='ocrx_word' id='word_1_78' title='bbox 692 1988 725 2040; x_wconf 98' lang='lat' dir='ltr'>ut</span> <span class='ocrx_word' id='word_1_79' title='bbox 748 1983 812 2060; x_wconf 91' lang='lat' dir='ltr'>ipse</span> <span class='ocrx_word' id='word_1_80' title='bbox 831 1982 1046 2043; x_wconf 80' lang='lat' dir='ltr'>modestissime</span> <span class='ocrx_word' id='word_1_81' title='bbox 1066 1984 1146 2062; x_wconf 82' lang='lat' dir='ltr'>dicit,</span> 
     </span>
     <span class='ocr_line' id='line_1_13' title="bbox 145 2067 1145 2149; baseline -0.001 -19"><span class='ocrx_word' id='word_1_82' title='bbox 145 2070 237 2130; x_wconf 87' lang='lat' dir='ltr'>edidit</span> <span class='ocrx_word' id='word_1_83' title='bbox 261 2068 426 2147; x_wconf 88' lang='lat' dir='ltr'>sumptibus</span> <span class='ocrx_word' id='word_1_84' title='bbox 445 2067 665 2128; x_wconf 88' lang='lat' dir='ltr'>Teubnerianis.</span> <span class='ocrx_word' id='word_1_85' title='bbox 707 2072 758 2148; x_wconf 92' lang='lat' dir='ltr'>qui</span> <span class='ocrx_word' id='word_1_86' title='bbox 778 2071 832 2149; x_wconf 78' lang='lat' dir='ltr'>vir,</span> <span class='ocrx_word' id='word_1_87' title='bbox 855 2089 912 2148; x_wconf 87' lang='lat' dir='ltr'>quo</span> <span class='ocrx_word' id='word_1_88' title='bbox 932 2078 995 2130; x_wconf 88' lang='lat' dir='ltr'>erat</span> <span class='ocrx_word' id='word_1_89' title='bbox 1013 2073 1145 2130; x_wconf 83' lang='lat' dir='ltr'>acumine</span> 
     </span>
     <span class='ocr_line' id='line_1_14' title="bbox 145 2155 1147 2238; baseline -0.001 -20"><span class='ocrx_word' id='word_1_90' title='bbox 145 2176 259 2237; x_wconf 86' lang='lat' dir='ltr'>quaque</span> <span class='ocrx_word' id='word_1_91' title='bbox 291 2164 321 2216; x_wconf 91' lang='lat' dir='ltr'>et</span> <span class='ocrx_word' id='word_1_92' title='bbox 352 2158 497 2216; x_wconf 90' lang='lat' dir='ltr'>sermonis</span> <span class='ocrx_word' id='word_1_93' title='bbox 523 2155 620 2216; x_wconf 89' lang='lat' dir='ltr'>Latini</span> <span class='ocrx_word' id='word_1_94' title='bbox 652 2163 682 2215; x_wconf 89' lang='lat' dir='ltr'>et</span> <span class='ocrx_word' id='word_1_95' title='bbox 712 2157 913 2236; x_wconf 86' lang='lat' dir='ltr'>philosophiae</span> <span class='ocrx_word' id='word_1_96' title='bbox 947 2160 1081 2238; x_wconf 85' lang='lat' dir='ltr'>scientia,</span> <span class='ocrx_word' id='word_1_97' title='bbox 1113 2165 1147 2217; x_wconf 89' lang='lat' dir='ltr'>ut</span> 
     </span>
     <span class='ocr_line' id='line_1_15' title="bbox 144 2243 1146 2325; baseline -0.001 -19"><span class='ocrx_word' id='word_1_98' title='bbox 144 2254 277 2324; x_wconf 85' lang='lat' dir='ltr'>tempore</span> <span class='ocrx_word' id='word_1_99' title='bbox 309 2246 460 2322; x_wconf 81' lang='lat' dir='ltr'>proximus</span> <span class='ocrx_word' id='word_1_100' title='bbox 493 2263 509 2304; x_wconf 93' lang='lat' dir='ltr'>a</span> <span class='ocrx_word' id='word_1_101' title='bbox 535 2243 720 2303; x_wconf 90' lang='lat' dir='ltr'>Lachmauno</span> <span class='ocrx_word' id='word_1_102' title='bbox 749 2245 816 2325; x_wconf 81' lang='lat' dir='ltr'>fuit,</span> <span class='ocrx_word' id='word_1_103' title='bbox 848 2248 889 2306; x_wconf 90' lang='lat' dir='ltr'>ita</span> <span class='ocrx_word' id='word_1_104' title='bbox 917 2248 1004 2304; x_wconf 91' lang='lat' dir='ltr'>etiam</span> <span class='ocrx_word' id='word_1_105' title='bbox 1031 2247 1146 2305; x_wconf 89' lang='lat' dir='ltr'>meritis</span> 
     </span>
     <span class='ocr_line' id='line_1_16' title="bbox 145 2329 1146 2412; baseline -0.002 -18"><span class='ocrx_word' id='word_1_106' title='bbox 145 2333 181 2394; x_wconf 90' lang='lat' dir='ltr'>ab</span> <span class='ocrx_word' id='word_1_107' title='bbox 209 2351 243 2393; x_wconf 92' lang='grc' dir='ltr'>1ο</span> <span class='ocrx_word' id='word_1_108' title='bbox 272 2340 351 2393; x_wconf 89' lang='lat' dir='ltr'>esset</span> <span class='ocrx_word' id='word_1_109' title='bbox 371 2334 536 2412; x_wconf 83' lang='lat' dir='ltr'>proximus,</span> <span class='ocrx_word' id='word_1_110' title='bbox 563 2333 622 2391; x_wconf 89' lang='lat' dir='ltr'>nisi</span> <span class='ocrx_word' id='word_1_111' title='bbox 648 2332 737 2391; x_wconf 92' lang='lat' dir='ltr'>nimis</span> <span class='ocrx_word' id='word_1_112' title='bbox 764 2329 846 2393; x_wconf 84' lang='lat' dir='ltr'>brevi</span> <span class='ocrx_word' id='word_1_113' title='bbox 875 2335 968 2411; x_wconf 90' lang='lat' dir='ltr'>spatio</span> <span class='ocrx_word' id='word_1_114' title='bbox 991 2334 1146 2393; x_wconf 87' lang='lat' dir='ltr'>interiecto</span> 
     </span>
     <span class='ocr_line' id='line_1_17' title="bbox 145 2420 1146 2498; baseline -0.002 -16"><span class='ocrx_word' id='word_1_115' title='bbox 145 2424 226 2482; x_wconf 93' lang='lat' dir='ltr'>unici</span> <span class='ocrx_word' id='word_1_116' title='bbox 252 2423 310 2480; x_wconf 87' lang='lat' dir='ltr'>riri</span> <span class='ocrx_word' id='word_1_117' title='bbox 333 2423 505 2481; x_wconf 84' lang='lat' dir='ltr'>auctoritate</span> <span class='ocrx_word' id='word_1_118' title='bbox 527 2425 736 2498; x_wconf 82' lang='lat' dir='ltr'>praegravante</span> <span class='ocrx_word' id='word_1_119' title='bbox 761 2439 814 2480; x_wconf 92' lang='lat' dir='ltr'>suo</span> <span class='ocrx_word' id='word_1_120' title='bbox 837 2423 900 2498; x_wconf 92' lang='lat' dir='ltr'>ipse</span> <span class='ocrx_word' id='word_1_121' title='bbox 923 2420 1032 2481; x_wconf 91' lang='lat' dir='ltr'>iudicio</span> <span class='ocrx_word' id='word_1_122' title='bbox 1055 2424 1146 2480; x_wconf 91' lang='lat' dir='ltr'>inter-</span> 
     </span>
     <span class='ocr_line' id='line_1_18' title="bbox 146 2507 1148 2588; baseline 0.001 -20"><span class='ocrx_word' id='word_1_123' title='bbox 146 2510 215 2570; x_wconf 94' lang='lat' dir='ltr'>dum</span> <span class='ocrx_word' id='word_1_124' title='bbox 242 2527 302 2568; x_wconf 92' lang='lat' dir='ltr'>non</span> <span class='ocrx_word' id='word_1_125' title='bbox 328 2516 442 2569; x_wconf 92' lang='lat' dir='ltr'>tantum</span> <span class='ocrx_word' id='word_1_126' title='bbox 468 2515 609 2586; x_wconf 89' lang='lat' dir='ltr'>quantum</span> <span class='ocrx_word' id='word_1_127' title='bbox 635 2526 689 2586; x_wconf 92' lang='lat' dir='ltr'>par</span> <span class='ocrx_word' id='word_1_128' title='bbox 717 2515 780 2568; x_wconf 89' lang='lat' dir='ltr'>erat</span> <span class='ocrx_word' id='word_1_129' title='bbox 810 2507 971 2568; x_wconf 88' lang='lat' dir='ltr'>tribuisset.</span> <span class='ocrx_word' id='word_1_130' title='bbox 1018 2509 1095 2588; x_wconf 92' lang='lat' dir='ltr'>quod</span> <span class='ocrx_word' id='word_1_131' title='bbox 1119 2511 1148 2569; x_wconf 89' lang='lat' dir='ltr'>ei</span> 
     </span>
     <span class='ocr_line' id='line_1_19' title="bbox 145 2595 1146 2678; baseline 0 -21"><span class='ocrx_word' id='word_1_132' title='bbox 145 2597 287 2658; x_wconf 90' lang='lat' dir='ltr'>accidisse</span> <span class='ocrx_word' id='word_1_133' title='bbox 305 2614 401 2677; x_wconf 83' lang='lat' dir='ltr'>nemo,</span> <span class='ocrx_word' id='word_1_134' title='bbox 425 2598 536 2676; x_wconf 86' lang='lat' dir='ltr'>opinor,</span> <span class='ocrx_word' id='word_1_135' title='bbox 559 2595 723 2677; x_wconf 89' lang='lat' dir='ltr'>mirabitur,</span> <span class='ocrx_word' id='word_1_136' title='bbox 746 2597 797 2674; x_wconf 91' lang='lat' dir='ltr'>qui</span> <span class='ocrx_word' id='word_1_137' title='bbox 815 2599 878 2674; x_wconf 89' lang='lat' dir='ltr'>ipse</span> <span class='ocrx_word' id='word_1_138' title='bbox 901 2600 1036 2678; x_wconf 81' lang='lat' dir='ltr'>senserit,</span> <span class='ocrx_word' id='word_1_139' title='bbox 1059 2616 1146 2676; x_wconf 91' lang='lat' dir='ltr'>quam</span> 
     </span>
     <span class='ocr_line' id='line_1_20' title="bbox 145 2683 1147 2763; baseline -0.001 -18"><span class='ocrx_word' id='word_1_140' title='bbox 145 2685 265 2745; x_wconf 86' lang='lat' dir='ltr'>difficile</span> <span class='ocrx_word' id='word_1_141' title='bbox 284 2691 363 2744; x_wconf 90' lang='lat' dir='ltr'>esset</span> <span class='ocrx_word' id='word_1_142' title='bbox 381 2686 495 2744; x_wconf 87' lang='lat' dir='ltr'>recenti</span> <span class='ocrx_word' id='word_1_143' title='bbox 512 2683 592 2744; x_wconf 88' lang='lat' dir='ltr'>illius</span> <span class='ocrx_word' id='word_1_144' title='bbox 611 2701 703 2763; x_wconf 86' lang='lat' dir='ltr'>paene</span> <span class='ocrx_word' id='word_1_145' title='bbox 723 2685 814 2743; x_wconf 88' lang='lat' dir='ltr'>divini</span> <span class='ocrx_word' id='word_1_146' title='bbox 827 2686 940 2762; x_wconf 84' lang='lat' dir='ltr'>ingenii</span> <span class='ocrx_word' id='word_1_147' title='bbox 954 2685 1147 2745; x_wconf 84' lang='lat' dir='ltr'>admiratione</span> 
     </span>
     <span class='ocr_line' id='line_1_21' title="bbox 144 2770 1146 2850; baseline 0.002 -18"><span class='ocrx_word' id='word_1_148' title='bbox 144 2773 181 2832; x_wconf 91' lang='lat' dir='ltr'>ah</span> <span class='ocrx_word' id='word_1_149' title='bbox 209 2791 244 2832; x_wconf 90' lang='lat' dir='ltr'>eo</span> <span class='ocrx_word' id='word_1_150' title='bbox 272 2771 437 2832; x_wconf 88' lang='lat' dir='ltr'>dissentire.</span> <span class='ocrx_word' id='word_1_151' title='bbox 483 2774 581 2850; x_wconf 86' lang='lat' dir='ltr'>itaque</span> <span class='ocrx_word' id='word_1_152' title='bbox 604 2770 930 2850; x_wconf 77' lang='lat' dir='ltr'>Bernaysiumcenseo</span> <span class='ocrx_word' id='word_1_153' title='bbox 953 2772 999 2832; x_wconf 89' lang='grc'>111</span> <span class='ocrx_word' id='word_1_154' title='bbox 1022 2775 1146 2834; x_wconf 82' lang='lat' dir='ltr'>maxime</span> 
     </span>
     <span class='ocr_line' id='line_1_22' title="bbox 144 2859 1147 2939; baseline 0 -20"><span class='ocrx_word' id='word_1_155' title='bbox 144 2859 322 2921; x_wconf 92' lang='lat' dir='ltr'>laudandum</span> <span class='ocrx_word' id='word_1_156' title='bbox 341 2878 407 2920; x_wconf 90' lang='lat' dir='ltr'>esse</span> <span class='ocrx_word' id='word_1_157' title='bbox 425 2862 457 2920; x_wconf 92' lang='lat' dir='ltr'>iu</span> <span class='ocrx_word' id='word_1_158' title='bbox 476 2862 528 2939; x_wconf 77' lang='grc'><strong>111,</strong></span> <span class='ocrx_word' id='word_1_159' title='bbox 547 2877 621 2938; x_wconf 89' lang='lat' dir='ltr'>quae</span> <span class='ocrx_word' id='word_1_160' title='bbox 640 2878 657 2919; x_wconf 96' lang='lat' dir='ltr'>a</span> <span class='ocrx_word' id='word_1_161' title='bbox 674 2859 859 2920; x_wconf 89' lang='lat' dir='ltr'>Lachmanno</span> <span class='ocrx_word' id='word_1_162' title='bbox 878 2859 1033 2920; x_wconf 88' lang='lat' dir='ltr'>discedens</span> <span class='ocrx_word' id='word_1_163' title='bbox 1048 2878 1147 2920; x_wconf 90' lang='lat' dir='ltr'>emen-</span> 
     </span>
     <span class='ocr_line' id='line_1_23' title="bbox 144 2947 1147 3029; baseline -0.001 -20"><span class='ocrx_word' id='word_1_164' title='bbox 144 2948 235 3029; x_wconf 83' lang='lat' dir='ltr'>davit,</span> <span class='ocrx_word' id='word_1_165' title='bbox 263 2948 462 3008; x_wconf 83' lang='lat' dir='ltr'>excusandum</span> <span class='ocrx_word' id='word_1_166' title='bbox 488 2965 570 3027; x_wconf 85' lang='lat' dir='ltr'>vero,</span> <span class='ocrx_word' id='word_1_167' title='bbox 599 2949 624 3006; x_wconf 93' lang='lat' dir='ltr'>si</span> <span class='ocrx_word' id='word_1_168' title='bbox 652 2947 767 3026; x_wconf 92' lang='lat' dir='ltr'>quando</span> <span class='ocrx_word' id='word_1_169' title='bbox 795 2947 840 3007; x_wconf 96' lang='grc'>111</span> <span class='ocrx_word' id='word_1_170' title='bbox 868 2966 934 3007; x_wconf 93' lang='lat' dir='ltr'>cum</span> <span class='ocrx_word' id='word_1_171' title='bbox 961 2947 1147 3008; x_wconf 92' lang='lat' dir='ltr'>Lachmanno</span> 
     </span>
     <span class='ocr_line' id='line_1_24' title="bbox 143 3035 1148 3115; baseline 0 -19"><span class='ocrx_word' id='word_1_172' title='bbox 143 3037 189 3097; x_wconf 87' lang='grc'>111</span> <span class='ocrx_word' id='word_1_173' title='bbox 221 3054 289 3096; x_wconf 92' lang='lat' dir='ltr'>cum</span> <span class='ocrx_word' id='word_1_174' title='bbox 321 3035 386 3095; x_wconf 94' lang='lat' dir='ltr'>aliis</span> <span class='ocrx_word' id='word_1_175' title='bbox 422 3035 468 3095; x_wconf 90' lang='lat' dir='ltr'>vel</span> <span class='ocrx_word' id='word_1_176' title='bbox 505 3035 584 3094; x_wconf 91' lang='lat' dir='ltr'>solus</span> <span class='ocrx_word' id='word_1_177' title='bbox 624 3037 740 3095; x_wconf 88' lang='lat' dir='ltr'>erravit.</span> <span class='ocrx_word' id='word_1_178' title='bbox 794 3036 899 3115; x_wconf 91' lang='lat' dir='ltr'>quodsi</span> <span class='ocrx_word' id='word_1_179' title='bbox 930 3043 1148 3114; x_wconf 83' lang='lat' dir='ltr'>perseverasset</span> 
     </span>
     <span class='ocr_line' id='line_1_25' title="bbox 143 3122 1147 3204; baseline -0.001 -19"><span class='ocrx_word' id='word_1_180' title='bbox 143 3127 175 3185; x_wconf 91' lang='lat' dir='ltr'>iu</span> <span class='ocrx_word' id='word_1_181' title='bbox 201 3122 322 3184; x_wconf 87' lang='lat' dir='ltr'>Lucreti</span> <span class='ocrx_word' id='word_1_182' title='bbox 352 3123 559 3202; x_wconf 88' lang='lat' dir='ltr'>perscrutandi</span> <span class='ocrx_word' id='word_1_183' title='bbox 590 3123 764 3182; x_wconf 91' lang='lat' dir='ltr'>emendandi</span> <span class='ocrx_word' id='word_1_184' title='bbox 795 3124 1008 3200; x_wconf 87' lang='lat' dir='ltr'>interpretandi</span> <span class='ocrx_word' id='word_1_185' title='bbox 1041 3124 1147 3204; x_wconf 84' lang='lat' dir='ltr'>studi0‚</span> 
     </span>
     <span class='ocr_line' id='line_1_26' title="bbox 142 3211 1148 3291; baseline -0.001 -19"><span class='ocrx_word' id='word_1_186' title='bbox 142 3230 203 3272; x_wconf 93' lang='lat' dir='ltr'>non</span> <span class='ocrx_word' id='word_1_187' title='bbox 225 3211 327 3272; x_wconf 89' lang='lat' dir='ltr'>dubito</span> <span class='ocrx_word' id='word_1_188' title='bbox 352 3214 423 3288; x_wconf 89' lang='lat' dir='ltr'>quin</span> <span class='ocrx_word' id='word_1_189' title='bbox 445 3230 480 3272; x_wconf 94' lang='lat' dir='ltr'>eo</span> <span class='ocrx_word' id='word_1_190' title='bbox 499 3218 694 3290; x_wconf 85' lang='lat' dir='ltr'>perventurus</span> <span class='ocrx_word' id='word_1_191' title='bbox 713 3211 811 3291; x_wconf 84' lang='lat' dir='ltr'>inerit,</span> <span class='ocrx_word' id='word_1_192' title='bbox 833 3218 866 3271; x_wconf 91' lang='lat' dir='ltr'>ut</span> <span class='ocrx_word' id='word_1_193' title='bbox 883 3228 1018 3290; x_wconf 82' lang='lat' dir='ltr'>magnam</span> <span class='ocrx_word' id='word_1_194' title='bbox 1035 3214 1148 3290; x_wconf 83' lang='lat' dir='ltr'>negotii</span> 
     </span>
     <span class='ocr_line' id='line_1_27' title="bbox 142 3296 1146 3379; baseline -0.001 -19"><span class='ocrx_word' id='word_1_195' title='bbox 142 3307 257 3379; x_wconf 82' lang='lat' dir='ltr'>partem</span> <span class='ocrx_word' id='word_1_196' title='bbox 289 3299 460 3360; x_wconf 85' lang='lat' dir='ltr'>absolveret.</span> <span class='ocrx_word' id='word_1_197' title='bbox 511 3317 578 3360; x_wconf 92' lang='lat' dir='ltr'>cum</span> <span class='ocrx_word' id='word_1_198' title='bbox 609 3316 678 3357; x_wconf 88' lang='lat' dir='ltr'>vero</span> <span class='ocrx_word' id='word_1_199' title='bbox 712 3297 762 3358; x_wconf 85' lang='lat' dir='ltr'>ille</span> <span class='ocrx_word' id='word_1_200' title='bbox 790 3317 822 3358; x_wconf 89' lang='lat' dir='ltr'>se</span> <span class='ocrx_word' id='word_1_201' title='bbox 849 3296 932 3358; x_wconf 89' lang='lat' dir='ltr'>brevi</span> <span class='ocrx_word' id='word_1_202' title='bbox 958 3307 1026 3378; x_wconf 92' lang='lat' dir='ltr'>post</span> <span class='ocrx_word' id='word_1_203' title='bbox 1053 3307 1146 3360; x_wconf 90' lang='lat' dir='ltr'>totum</span> 
     </span>
     <span class='ocr_line' id='line_1_28' title="bbox 142 3385 1146 3468; baseline -0.004 -20"><span class='ocrx_word' id='word_1_204' title='bbox 142 3389 179 3448; x_wconf 91' lang='lat' dir='ltr'>ad</span> <span class='ocrx_word' id='word_1_205' title='bbox 195 3388 252 3448; x_wconf 90' lang='lat' dir='ltr'>alia</span> <span class='ocrx_word' id='word_1_206' title='bbox 270 3388 367 3448; x_wconf 86' lang='lat' dir='ltr'>studia</span> <span class='ocrx_word' id='word_1_207' title='bbox 381 3387 519 3468; x_wconf 86' lang='lat' dir='ltr'>dedisset,</span> <span class='ocrx_word' id='word_1_208' title='bbox 537 3389 569 3446; x_wconf 94' lang='lat' dir='ltr'>in</span> <span class='ocrx_word' id='word_1_209' title='bbox 583 3385 708 3446; x_wconf 87' lang='lat' dir='ltr'>stadium</span> <span class='ocrx_word' id='word_1_210' title='bbox 722 3403 815 3465; x_wconf 87' lang='lat' dir='ltr'>paene</span> <span class='ocrx_word' id='word_1_211' title='bbox 830 3386 980 3447; x_wconf 88' lang='lat' dir='ltr'>desertum</span> <span class='ocrx_word' id='word_1_212' title='bbox 994 3389 1146 3465; x_wconf 82' lang='lat' dir='ltr'>ingressus</span> 
     </span>
     <span class='ocr_line' id='line_1_29' title="bbox 141 3472 1146 3554; baseline -0.003 -19"><span class='ocrx_word' id='word_1_213' title='bbox 141 3476 226 3554; x_wconf 86' lang='lat' dir='ltr'>Hugo</span> <span class='ocrx_word' id='word_1_214' title='bbox 253 3475 358 3536; x_wconf 90' lang='lat' dir='ltr'>Munro</span> <span class='ocrx_word' id='word_1_215' title='bbox 385 3474 543 3536; x_wconf 88' lang='lat' dir='ltr'>Britannus</span> <span class='ocrx_word' id='word_1_216' title='bbox 575 3491 710 3550; x_wconf 82' lang='lat' dir='ltr'>magnam</span> <span class='ocrx_word' id='word_1_217' title='bbox 745 3472 801 3532; x_wconf 90' lang='lat' dir='ltr'>sibi</span> <span class='ocrx_word' id='word_1_218' title='bbox 832 3476 948 3553; x_wconf 87' lang='lat' dir='ltr'>peperit</span> <span class='ocrx_word' id='word_1_219' title='bbox 979 3477 1146 3550; x_wconf 83' lang='lat' dir='ltr'>iustamque</span> 
     </span>
     <span class='ocr_line' id='line_1_30' title="bbox 141 3559 1146 3645; baseline -0.005 -22"><span class='ocrx_word' id='word_1_220' title='bbox 141 3563 272 3645; x_wconf 77' lang='lat' dir='ltr'>laudem3</span> <span class='ocrx_word' id='word_1_221' title='bbox 304 3565 355 3642; x_wconf 89' lang='lat' dir='ltr'>qui</span> <span class='ocrx_word' id='word_1_222' title='bbox 386 3582 462 3624; x_wconf 93' lang='lat' dir='ltr'>anno</span> <span class='ocrx_word' id='word_1_223' title='bbox 492 3559 577 3626; x_wconf 88' lang='grc'><strong>1866</strong></span> <span class='ocrx_word' id='word_1_224' title='bbox 604 3563 733 3640; x_wconf 91' lang='lat' dir='ltr'>primum</span> <span class='ocrx_word' id='word_1_225' title='bbox 760 3560 880 3622; x_wconf 86' lang='lat' dir='ltr'>Lucreti</span> <span class='ocrx_word' id='word_1_226' title='bbox 908 3579 1026 3621; x_wconf 89' lang='lat' dir='ltr'>carmen</span> <span class='ocrx_word' id='word_1_227' title='bbox 1053 3559 1146 3620; x_wconf 89' lang='lat' dir='ltr'>edidit</span> 
     </span>
    </p>
   </div>
   <div class='ocr_carea' id='block_1_5' title="bbox 0 0 1252 3876">
    <p class='ocr_par' dir='ltr' id='par_1_5' title="bbox 0 0 1252 3876">
     <span class='ocr_line' id='line_1_31' title="bbox 0 0 1252 3876; baseline 0 0"><span class='ocrx_word' id='word_1_228' title='bbox 0 0 1252 3876; x_wconf 95' lang='lat' dir='ltr'> </span> 
     </span>
    </p>
   </div>
  </div>
 </body>
</html>
