2512 3874
131 217 195 282 114
617 214 657 269 IV

130 379 182 429 646
201 369 231 423 66
252 365 366 423 variare
389 364 453 423 viae
475 361 601 441 proinde
625 380 658 422 ac
680 367 798 422 textura
821 366 946 422 coercet.

131 465 187 517 656
201 451 257 511 hoc
280 450 332 511 ubi
356 450 432 529 quod
457 456 575 510 suarest
598 449 663 509 aliis
687 447 752 509 aliis
774 450 808 509 fit
830 468 975 532 amarum,

200 538 256 619 illi,
280 541 328 599 cui
351 545 481 619 suavest,
503 537 652 598 levissima
675 555 800 616 corpora
822 537 931 598 debent

201 625 450 687 contractabiliter
473 625 570 685 caulas
594 628 705 685 intrare
728 624 830 706 palati,
1094 645 1132 688 666

202 722 231 775 66
253 722 355 775 contra
379 713 485 792 quibus
509 720 554 773 est
577 713 679 774 eadem
701 731 751 772 ras
773 715 853 773 intus
878 712 996 793 acerba,

132 818 183 867 646
202 820 319 883 aspera,
341 803 495 882 nimirum,
517 808 673 879 penetrant
694 801 868 880 hamataque
891 801 1000 861 166666.

132 907 279 956 6616666
302 889 417 949 facilest
439 907 476 948 ax
497 889 545 948 bis
567 888 657 949 rebus
681 906 858 967 cognoscere
882 907 1029 967 quaeque:

626 995 645 1034 6

202 1067 325 1144 quippe,
347 1063 399 1124 ubi
422 1066 469 1124 cui
492 1063 584 1124 febris
606 1063 660 1124 bili
684 1071 840 1143 superante
864 1071 992 1124 coortast

203 1159 253 1213 aut
275 1151 330 1212 alia
353 1154 467 1212 ratione
490 1151 615 1230 aliquast
637 1154 681 1212 vis
705 1155 800 1212 exeita
821 1151 930 1231 morbi,
1098 1174 1136 1214 666

202 1239 393 1321 perturbatur
415 1239 458 1300 ibi
480 1242 538 1300 iam
560 1247 656 1300 totum
679 1258 799 1320 eorpus,
825 1246 855 1299 66
877 1257 979 1300 omnes

133 1344 185 1394 666
204 1335 422 1390 commutantur
444 1327 487 1387 ibi
508 1330 659 1407 positurae
681 1329 908 1408 principiorum3

132 1433 189 1483 666
202 1424 236 1477 66
258 1419 342 1496 prius
366 1416 401 1476 ad
425 1433 545 1476 sensum
569 1435 643 1495 6666
667 1434 790 1494 corpora
813 1413 1027 1477 conveniebant

202 1523 363 1565 6666666
387 1505 574 1584 conveniant,
597 1510 627 1564 66
649 1511 748 1564 cetera
771 1505 831 1563 sint
853 1505 947 1582 magis
970 1510 1050 1582 apta,

204 1611 277 1671 quaa
300 1598 452 1670 penetrata
474 1598 586 1669 queunt
604 1609 724 1652 sensum
741 1593 917 1670 progignere
937 1591 1085 1651 acerbum.
1100 1614 1139 1654 ero

202 1688 327 1758 utraque
351 1681 431 1739 enim
454 1681 576 1738 suntin
598 1677 694 1739 mallis
718 1681 876 1739 commixta
899 1696 1012 1757 sapore.
1100 1702 1139 1742 su

133 1784 185 1834 666
247 1767 332 1826 Ν666
355 1783 421 1846 age,
445 1783 503 1843 quo
525 1772 610 1844 pacto
634 1769 715 1826 naris
738 1767 869 1827 adiectus
893 1766 992 1826 odoris
1101 1791 1141 1831 ere

134 1872 189 1923 672
204 1862 303 1932 tangat
326 1871 417 1932 agam.
453 1855 582 1932 primum
605 1871 654 1914 res
677 1853 783 1914 multas
807 1873 872 1915 esse
894 1863 1047 1915 necessest

202 1942 281 2003 unda
304 1941 399 2002 lluens
422 1941 517 2001 volvat
538 1943 637 2001 rarius
661 1960 693 2002 66
716 1942 822 2002 1166666
846 1942 982 2022 odorum3
1102 1965 1143 2006 666

204 2036 234 2091 66
256 2030 348 2090 liuere
372 2036 402 2089 66
424 2031 502 2089 mitti
524 2027 608 2108 volgo
632 2032 788 2109 spargique
811 2029 1014 2108 putandumst:

134 2136 188 2186 ⁶75
202 2136 305 2180 verum
328 2117 392 2178 aliis
416 2117 491 2178 alius
514 2119 606 2196 magis
630 2125 676 2178 est
698 2116 895 2178 animantibus
914 2124 1018 2198 aptus,

134 2224 184 2274 666
204 2205 357 2266 dissimilis
379 2212 501 2284 propter
523 2206 641 2266 formas.
678 2206 803 2284 ideoque
826 2223 880 2284 per
902 2223 989 2265 auras

203 2294 299 2355 mellis
322 2312 392 2372 apes
416 2295 549 2372 quamvis
571 2292 656 2371 longe
680 2281 829 2353 ducunlur
851 2292 953 2374 odore,

203 2382 380 2459 volturiique
404 2381 606 2441 cadaveribus:
629 2388 692 2441 tum
715 2382 785 2440 tissa
806 2381 936 2441 ferarum
1102 2405 1145 2446 666

202 2468 313 2548 ungula
336 2487 393 2548 quo
415 2468 518 2529 tulerit
540 2487 675 2547 gressum
697 2471 842 2547 permissa
865 2486 969 2528 canum
992 2471 1037 2529 vis

133 2557 296 2637 66666616,
319 2563 349 2615 et
370 2556 530 2616 humanum
551 2556 637 2634 longe
660 2559 822 2634 praesentit
846 2556 966 2615 odorem

134 2660 184 2710 666
202 2642 425 2703 Romulidarum
448 2646 524 2704 arcis
548 2650 693 2724 servator,
716 2643 857 2703 candidus
881 2661 976 2704 anser.

203 2734 247 2792 sic
270 2731 335 2791 aliis
358 2729 432 2790 alius
456 2731 542 2791 nidor
564 2731 649 2791 datus
672 2730 708 2790 ad
732 2749 785 2792 sua
808 2749 954 2811 quemque

202 2819 308 2899 pabula
330 2818 412 2878 ducit
435 2825 465 2878 66
486 2837 503 2878 6
525 2825 602 2879 tetro
625 2818 741 2879 resilire
764 2837 876 2879 veneno
1098 2842 1146 2884 aaa

205 2910 296 2988 cogit,
319 2924 413 2984 eoque
435 2906 522 2965 modo
547 2913 701 2966 servantur
724 2907 817 2968 saecla
843 2906 979 2966 terarum.

133 3013 190 3062 685
247 2995 303 3055 llic
326 2993 399 3054 odor
421 2995 484 3072 ipse
508 2995 612 3073 igitur,
635 2996 716 3054 naris
740 2997 917 3072 quicumque
940 2994 1074 3074 lacessit,

134 3099 185 3149 666
204 3090 250 3158 666
272 3082 328 3143 6116
352 3088 386 3142 66
407 3083 501 3159 possit
523 3083 656 3159 permitti
678 3081 794 3160 longius
818 3080 904 3141 alter:

204 3171 255 3230 sed
279 3177 377 3230 tamen
399 3169 476 3229 baud
501 3171 656 3247 quisquam
679 3177 738 3228 tam
760 3168 847 3248 longe
870 3170 965 3230 fertur
988 3187 1093 3231 eorum

204 3275 291 3335 quam
311 3259 433 3338 sonitus,
452 3275 540 3335 quam
558 3273 623 3337 vox,
641 3258 725 3316 mitto
744 3259 802 3317 iam
820 3257 1022 3336 dicerequam
1037 3276 1147 3322 reseco

204 3362 278 3422 6666
301 3344 411 3404 feriunt
434 3345 586 3406 oculorum
609 3346 687 3404 acies
710 3346 864 3423 visumque
887 3343 1045 3406 lacessunt.

135 3448 189 3498 666
205 3431 387 3492 errabundus
411 3435 489 3493 anim
511 3432 595 3492 tarde
617 3434 712 3512 venit,
734 3450 768 3492 ac
789 3435 868 3512 perit
890 3440 957 3494 ante

516 3517 607 3598 [ara]
624 3519 687 3580 =1
705 3515 778 3580 429.
