2496 3876
94 186 156 241 LVI
456 185 737 242 PROLEGOMENA.

94 328 219 412 uetur,
243 350 274 392 es
292 333 390 394 macht
412 334 509 394 nIehts
528 351 579 393 aus
604 325 703 416 (werin
726 351 760 392 er
777 333 853 393 auch
876 331 967 392 sehon
991 329 1110 392 einmal

96 420 194 498 gelebt
215 419 265 479 hat
282 424 379 500 possis
404 423 578 499 cogitatione
598 413 742 503 adicere),
769 439 823 498 pro
843 439 900 499 quo
919 420 1108 498 abrumpens

95 510 204 587 pergit:
219 507 290 568 oder
299 508 354 568 soll
364 527 397 569 er
410 508 575 588 iiherhaupt
587 507 664 568 noch
673 508 796 568 niemals
810 526 856 568 am
867 507 953 568 leben
963 526 1108 586 gewesen

96 593 182 657 sein?
224 597 301 675 quod
326 615 359 657 re
382 614 442 656 non
465 596 563 657 differt
585 596 620 656 ah
645 614 680 656 eo
704 596 781 674 quod
804 599 836 655 in
858 615 915 657 usu
938 603 996 656 est:
1024 596 1108 656 nihil

95 686 198 764 refert,
225 691 326 744 utrum
353 691 438 744 natus
465 686 523 743 iarn
546 685 648 764 fuerit,
676 703 712 744 an
740 702 799 744 non
822 685 926 744 fuerit:
948 702 992 745 au
1014 681 1109 746 uullo

95 769 199 834 ouudo
223 771 256 832 0.
279 789 300 832 u
321 768 406 832 uullo
429 768 533 832 uuudo
555 773 597 852 Q„
619 779 653 833 ut
675 778 813 851 appareat
834 775 865 831 in
889 773 1046 850 archetypo
1071 780 1107 833 et

95 878 138 921 ou
163 857 247 921 uudo
279 865 309 920 et
335 877 379 919 uu
400 856 462 920 udo
485 861 627 938 scripturn
651 862 797 920 extitisse:
825 860 897 920 oute
918 856 980 921 udo
1002 859 1106 921 Lm.B.

95 965 176 1010 uuue
202 945 264 1008 udo
292 947 328 1007 M.
356 981 398 989 —
427 944 491 1009 875
522 949 552 1008 et
579 945 660 1008 uude
691 948 763 1007 mihi
790 947 901 1008 dudum
929 955 1105 1027 suspectum

95 1037 159 1096 suit.
178 1069 220 1078 —
245 1032 307 1096 909
327 1053 344 1093 r
364 1032 428 1096 915
452 1054 518 1096 curn
541 1037 580 1115 is,
608 1037 658 1113 qui
685 1035 753 1096 inde
782 1054 798 1095 a
826 1055 851 1096 v.
872 1032 933 1096 901
959 1035 1106 1116 quuItur,

96 1142 154 1183 non
178 1123 257 1183 idem
276 1126 383 1184 sentiat
401 1123 437 1183 de
455 1129 560 1203 morte,
578 1122 655 1202 quod
676 1125 712 1202 ei,
731 1141 856 1201 quorum
875 1123 1103 1184 lamentationes
1222 1167 1223 1184 a

96 1231 139 1292 vr.
154 1208 327 1274 891—897
343 1211 477 1294 legimus,
495 1229 556 1272 non
569 1213 664 1288 potuit
677 1219 764 1288 poeta
778 1214 842 1272 eius
860 1210 1103 1272 lamentationem
1222 1213 1223 1218 ’

39 1319 45 1325 ”
97 1303 140 1360 sio
161 1301 249 1360 oudo
277 1300 420 1361 subicere.
449 1335 491 1344 -
521 1292 734 1385 9909-959.
761 1318 787 1358 v.
815 1296 879 1362 906
890 1318 932 1378 sq.
969 1317 1044 1371 rems
1065 1301 1103 1360 ad

41 1431 42 1436 η
97 1405 231 1454 somnum
254 1388 352 1449 redire
375 1388 460 1448 docet
481 1388 649 1468 LucretIus,
672 1407 696 1447 v.
714 1384 778 1449 916
790 1405 831 1465 sq‚
863 1390 899 1468 in¹
922 1405 1027 1458 somno
1046 1386 1104 1448 'ne-
1222 1383 1223 1444 i

97 1479 206 1536 minem
229 1495 260 1536 se
283 1474 449 1554 requirere:
471 1475 543 1550 haee
557 1480 656 1554 „igitur
678 1483 743 1556 nort
763 1476 893 1553 separari
913 1473 1043 1553 oportet.
1058 1509 1102 1518 —-

97 1562 160 1624 919
184 1566 296 1624 torret
308 1564 350 1642 0.,
373 1561 499 1622 eorr.'0.
516 1561 615 1624 'torret
635 1564 668 1624 0.
691 1563 760 1623 inde
783 1562 987 1623 Lachmannus
1006 1565 1106 1625 torres
1222 1595 1223 1616 ι

99 1646 185 1734 (Item
208 1651 240 1710 Β.
256 1657 284 1710 et
297 1644 380 1733 Mo),
405 1669 475 1710 voce
498 1652 597 1728 ignota
616 1669 652 1710 ex
675 1651 776 1728 Cyrilli
799 1651 941 1729 glossario
965 1651 1105 1730 cupidius

97 1745 221 1816 arrepta.
236 1771 278 1779 —
298 1734 362 1798 922
380 1753 412 1798 se
430 1733 559 1816 eolldput
575 1737 684 1798 ka.:
707 1739 812 1817 probat
830 1738 1001 1800 Giussanus.
1031 1739 1104 1800 inde

98 1826 175 1905 quod
197 1826 285 1885 homo
308 1843 344 1885 ex
368 1843 470 1884 somno
490 1844 521 1886 se
544 1826 682 1904 colligere
707 1827 789 1906 solet,
812 1830 1001 1906 cognoscitur
1023 1827 1104 1906 quod
1222 1807 1223 1850 ³

98 1910 162 1975 920
176 1932 218 1992 sq.
242 1914 374 1991 legimus.
392 1947 434 1955 -
450 1909 514 1974 925
535 1911 624 1974 derbe
646 1920 683 1976 et
705 1912 857 1990 disdeeius,
881 1915 970 1974 Goeb.
990 1923 1104 1994 quaest.

98 2023 125 2081 p.
142 1999 199 2062 29:
222 1999 327 2063 ureae
349 1999 491 2063 raucus
513 2001 572 2072 oo.
595 2001 689 2080 vulgo.
705 2036 746 2045 -
762 2000 826 2063 oar
846 2003 885 2064 st
903 2005 1002 2082 prato
1024 2002 1105 2063 rau·
1171 2051 1177 2062 .
1222 1983 1223 2062 Τ

97 2109 171 2169 ger:
195 2087 296 2169 protis
318 2088 376 2161 00.
406 2087 506 2169 protis
526 2088 591 2169 fud
611 2087 685 2152 duee
706 2089 737 2150 L.
765 2088 903 2169 protdsue
922 2089 988 2168 fut't
1008 2090 1039 2150 B.
1059 2125 1103 2133 -
1222 2139 1223 2160 ,

98 2176 161 2240 938
184 2177 220 2240 iu
242 2177 396 2257 offeusast
411 2178 562 2259 Postgate,
584 2179 685 2250 Iourn.
705 2179 738 2238 oi
752 2177 850 2256 philol.
870 2177 933 2237 XVI
950 2198 978 2257 p.
994 2177 1049 2240 28:
1067 2177 1105 2239 iu
1222 2181 1223 2186 ’

97 2265 226 2345 offeusos
249 2266 306 2337 OQ.
352 2264 388 2328 t'u
410 2266 557 2346 offeusust
577 2266 676 2327 Lamh.
700 2264 848 2325 Lm.BMr,
872 2299 914 2308 —-
941 2263 1005 2327 948
1028 2264 1109 2345 quid
1222 2273 1223 2304 ³

96 2354 343 2433 respondemus.
380 2354 438 2426 00.
457 2356 545 2433 vulga
572 2351 765 2434 respondebis
785 2353 926 2415 Ritsehel.
949 2372 993 2434 ap.
1013 2353 1103 2415 Goeb.
1222 2345 1223 2418 ζ

99 2461 180 2521 quae.
204 2463 231 2521 p.
252 2440 294 2502 29
317 2442 460 2520 probante
482 2442 588 2523 Pollio,
610 2450 728 2522 praeter
750 2444 966 2523 necessitatem,
990 2445 1103 2521 opinor.
1222 2443 1223 2480 ³

98 2563 140 2572 -
163 2527 226 2590 959
247 2527 361 2608 puate's
383 2528 506 2591 eouoede
523 2529 554 2590 B.
572 2529 695 2610 ruopue's
715 2529 772 2601 OQ.
796 2527 900 2609 dr’pur's
917 2530 948 2591 L.
972 2548 1107 2610 ruopuuo

99 2635 177 2678 oens.
206 2616 309 2676 Oreliii
336 2617 450 2687 lenens,
474 2617 540 2697 Mr,
568 2620 675 2696 inepte.
699 2652 741 2662 —
765 2616 830 2680 990
856 2637 945 2697 quoru
970 2616 1105 2680 volueres
1222 2661 1223 2672 t

99 2703 236 2767 dueeruud
256 2702 368 2782 <uuae
426 2702 455 2786 .>
482 2703 612 2766 991...
635 2707 725 2783 utque
751 2710 833 2768 erest
857 2704 972 2768 durius
999 2724 1104 2786 uupor,

97 2794 196 2873 philol.
216 2792 319 2853 XXVII
337 2789 388 2855 56.
430 2795 487 2854 aut
512 2791 600 2857 diae
625 2794 745 2872 quoius
766 2793 912 2855 soduduud
931 2792 1107 2873 dippeddud'

98 2901 200 2958 euroe,
224 2883 336 2962 Bruno,
363 2899 444 2960 prog.
472 2881 559 2942 Harb.
586 2881 682 2944 1872:
710 2878 777 2943 ulio
803 2880 912 2960 quouis
940 2879 1108 2961 cuppediae

100 2964 290 3054 (cuppedine)
305 2970 363 3041 00.
378 2969 477 3029 Lamh.
493 2970 558 3032 edd.
573 3004 615 3014 -
634 2967 735 3031 1009.
750 3017 756 3030 .
773 3018 779 3031 .
794 2977 976 3050 eglesias*
993 2968 1107 3032 Turtu-

98 3076 195 3120 rur..
216 3105 223 3118 .
247 3061 347 3121 oestuo
365 3092 407 3101 —
427 3059 500 3137 qud
517 3077 611 3138 uepue
633 3061 716 3134 utut,
741 3059 776 3119 es.
799 3077 827 3136 p.
845 3058 885 3118 XI
903 3058 968 3118 Me:
997 3075 1107 3138 epeuus

101 3145 253 3208 Tartarus
266 3147 360 3207 Lm.B.
376 3180 418 3189 -
436 3143 518 3208 1021
538 3145 618 3210 diuae
632 3143 822 3230 'Pontou-die
835 3146 1043 3218 poematii.
1059 3181 1104 3228 ,-

101 3231 186 3298 1040
213 3233 278 3313 ipse
304 3233 460 3313 Eudemus
488 3236 567 3298 obit
599 3235 721 3298 decurso
741 3231 877 3295 'Floreat
902 3232 955 3295 31.
983 3234 1107 3295 Pontan.

99 3325 151 3385 Mr.
175 3323 241 3401 Brg.
264 3322 363 3402 philol.
387 3323 490 3384 XXVII
513 3321 585 3386 336.
613 3322 663 3399 id,
692 3322 770 3402 quod
798 3341 852 3400 per
880 3341 911 3382 se
940 3341 999 3382 non
1027 3323 1106 3382 idem

100 3421 145 3473 est
168 3410 245 3491 quod
269 3407 357 3471 obire.
380 3411 474 3472 Lm.B.
490 3444 532 3453 —
549 3410 633 3475 1056
657 3413 686 3473 et
706 3427 849 3489 quaerere
870 3426 1000 3488 semper,
1028 3427 1108 3472 eoru-

99 3502 219 3562 ruuture
237 3495 347 3560 doeuru:
370 3501 410 3558 ita
430 3499 591 3563 distinxere
614 3507 695 3562 reete
719 3506 785 3559 ante
805 3497 1032 3579 Lachmannum‚
1056 3501 1109 3576 qui
