2496 3876
637 242 651 296 I
1126 242 1146 306 3

159 394 198 447 05
213 386 351 448 horribili
374 404 463 466 super
486 394 607 466 aspectu
629 387 802 449 mortalibus
826 390 952 470 instans,
1121 403 1146 443 65

159 483 196 532 60
213 478 343 556 primum
366 473 470 535 Graius
494 475 581 536 homo
604 470 737 536 mortalis
760 475 863 536 tollere
887 483 988 537 eontra

215 571 261 624 est
283 562 383 624 oculos
407 581 495 624 ausus
517 566 691 643 primusque
716 563 860 624 obsistere
883 571 998 645 eontra3

216 670 303 730 quem
325 669 422 730 neque
446 652 521 712 lama
544 651 632 712 deum
654 670 710 711 nec
733 651 854 712 fulmina
877 670 932 713 nee
955 654 1104 712 minitanti

215 758 366 800 murmure
390 741 565 818 compressit
588 738 713 819 caelum,
737 739 788 800 sed
813 758 847 800 eo
870 743 963 820 magis
987 759 1085 801 acrem

161 837 199 888 70
215 830 317 888 inritat
340 829 430 888 animi
453 830 605 908 virtutem,
629 828 786 906 effringere
809 834 843 888 ut
866 835 928 889 arta
1121 842 1146 881 το

161 925 197 973 eo
215 922 336 977 naturae
359 917 473 994 primus
496 922 648 994 portarum
672 915 798 975 claustra
821 918 945 995 cupiret.

217 1021 287 1082 ergo
310 1003 405 1063 vivida
427 1005 472 1063 vis
496 1005 587 1063 animi
608 1005 746 1083 pervicit,
769 1011 798 1064 ct
821 1010 903 1064 extra

215 1094 362 1172 prooessit
384 1090 469 1170 longe
493 1091 672 1152 llammantia
694 1093 810 1152 moenia
832 1092 935 1153 mundi

216 1188 303 1260 atquo
327 1197 412 1240 omne
435 1182 614 1240 immensum
636 1181 804 1258 peragravit
826 1188 924 1240 menie
948 1183 1118 1262 animoque;

162 1276 199 1328 75
213 1268 292 1329 unde
315 1268 406 1328 relert
427 1266 514 1327 nobis
537 1269 631 1327 victor
654 1266 724 1346 quid
747 1269 842 1346 possit
865 1271 949 1349 oriri,
1122 1281 1147 1321 ⁷⁵

162 1365 198 1415 70
217 1355 287 1436 quid
310 1362 449 1437 nequeat,
471 1355 553 1415 finita
575 1361 706 1433 potestas
730 1354 857 1433 denique
881 1358 988 1435 cuique

217 1462 273 1524 qua
295 1461 363 1503 nam
386 1446 425 1503 sit
446 1445 560 1503 ratione
583 1449 670 1522 atque
694 1441 751 1502 alte
773 1444 919 1503 terminus
941 1444 1074 1504 haerens.

218 1550 307 1610 quare
331 1530 434 1609 religio
457 1530 582 1610 pedibus
606 1530 738 1591 subiecta
761 1532 893 1590 vicissim

218 1621 374 1700 opteritur,
396 1637 451 1679 nos
474 1625 618 1698 exaequat
639 1621 762 1679 victoria
785 1617 874 1678 caelo.

161 1717 201 1767 80
259 1707 334 1768 lllud
357 1709 388 1766 in
410 1707 458 1767 his
480 1707 570 1767 rebus
593 1725 709 1787 vereor,
731 1725 769 1766 ne
793 1707 868 1767 forte
891 1709 985 1767 rearis
1121 1721 1147 1760 8⁰

164 1804 198 1855 75
217 1798 305 1875 impia
328 1803 357 1855 te
381 1796 503 1855 rationis
526 1797 602 1854 inire
627 1795 771 1855 elementa
793 1797 929 1872 viamque

217 1882 374 1961 indugredi
397 1881 526 1942 sceleris.
573 1883 651 1961 quod
674 1889 775 1943 eontra
799 1885 917 1962 saepius
939 1882 989 1943 illa

217 1971 319 2050 religio
343 1972 459 2050 peperit
481 1968 627 2030 scelerosa
650 1977 737 2049 atque
760 1973 851 2050 impia
873 1972 957 2032 tacta.

216 2059 320 2121 Aulide
345 2076 402 2137 quo
425 2064 510 2136 paeto
533 2057 643 2118 Triviai
664 2061 788 2136 virginis
811 2077 892 2120 aram

163 2155 200 2206 85
216 2148 396 2228 Iphianassai
416 2153 574 2224 turparunt
596 2149 738 2224 sanguine
761 2146 845 2206 foedo

164 2236 354 2297 seductores
377 2234 508 2294 Danaum
530 2233 650 2313 delecti,
672 2237 768 2313 prima
790 2236 929 2293 virorum.

217 2327 266 2385 cui
291 2321 378 2384 simul
401 2321 492 2383 infula
515 2324 662 2400 virgineos
685 2324 798 2381 circum
820 2321 886 2381 data
909 2327 1042 2399 comptus

218 2430 254 2472 ex
276 2418 400 2491 utraque
424 2413 490 2490 pari
512 2409 655 2471 malarum
676 2416 759 2489 parte
782 2409 944 2489 prolusast,

218 2507 249 2560 et
269 2507 414 2560 maestum
437 2497 524 2559 simul
547 2505 613 2559 ante
637 2516 701 2558 aras
725 2497 841 2558 adstare
863 2504 1016 2578 parentem

164 2597 202 2648 90
220 2590 326 2670 εοηείῑ,
348 2595 378 2648 et
399 2587 477 2648 huno
498 2594 621 2667 propter
643 2588 755 2648 terrum
778 2586 875 2647 celare
897 2588 1063 2667 ministros,
1119 2601 1145 2640 eo

166 2684 199 2732 85
218 2682 396 2756 aspectuque
420 2693 472 2735 suo
495 2674 631 2737 lacrimas
655 2675 805 2736 effundere
829 2677 915 2755 civis,

217 2772 299 2824 muta
320 2771 401 2823 metu
422 2770 532 2824 terram
555 2763 679 2842 genibus
702 2766 859 2824 summissa
881 2762 1007 2843 potebat

217 2871 273 2912 nee
294 2854 421 2911 miserae
443 2850 584 2930 prodesse
608 2855 639 2911 in
661 2851 713 2911 tali
736 2859 868 2931 tempore
893 2850 994 2930 quibat

218 2940 296 3019 quod
318 2941 414 3018 patrio
436 2941 575 3018 princeps
599 2939 721 3000 donarat
743 2943 861 3000 nomine
884 2956 997 3017 regem:

165 3033 201 3086 95
218 3045 286 3088 nam
310 3026 422 3087 sublata
442 3029 537 3088 virum
555 3026 691 3088 manibus
708 3027 954 3105 tremibundaque
974 3024 1010 3084 ad
1029 3042 1094 3085 aras
1121 3037 1146 3078 95

165 3122 199 3170 90
217 3114 384 3196 deductam,
406 3133 466 3175 non
488 3122 522 3175 ut
544 3115 679 3176 sollemni
700 3133 782 3176 more
806 3132 958 3176 sacrorum

136 3269 138 3272 ,
216 3203 348 3281 perlecto
373 3211 475 3281 posset
497 3202 575 3263 olaro
599 3205 734 3264 comitari
755 3204 936 3283 Hymenaeo,

218 3290 270 3350 sed
294 3296 372 3350 casta
395 3292 522 3371 inceste,
547 3289 677 3351 nubendi
699 3299 832 3370 tempore
856 3293 988 3371 inipso,

216 3378 313 3438 hostia
336 3378 506 3440 concideret
527 3385 655 3439 mactatu
676 3387 787 3439 maesta
808 3382 953 3460 perennc,

146 3473 201 3524 100
217 3469 313 3527 exitus
335 3475 370 3527 ut
392 3465 480 3527 classi
501 3466 571 3527 lelix
594 3467 766 3546 faustusque
790 3467 917 3529 daretur.
1109 3481 1147 3520 1⁰⁰

164 3562 197 3611 95
216 3561 331 3616 tantum
353 3554 458 3634 religio
481 3558 577 3635 potuit
600 3555 723 3616 suadere
746 3555 897 3617 malorum.

900 3655 935 3708 1*
