2512 3874
597 269 635 324 IV
1061 267 1122 332 117

185 435 242 477 nee
265 418 402 477 dissentit
425 435 493 477 eum
515 419 620 477 mortis
643 416 752 496 letique
774 420 902 496 potitum

114 519 171 572 755
187 507 246 565 iam
268 505 399 584 pridem,
423 523 512 583 quem
534 523 618 565 mens
641 508 737 566 rivom
760 523 791 566 se
815 523 938 566 eernere
962 505 1063 564 eredit.

114 609 167 659 750
187 587 196 676 ll
210 593 288 671 quod
313 600 462 674 superest,
485 612 544 654 nou
567 599 613 654 est
635 597 742 654 mirum
766 593 922 653 simulacra
944 594 1056 652 moveri

187 680 383 759 bracchiaque
407 683 438 741 in
461 699 617 742 numerum
640 685 748 742 iactare
772 689 801 742 et
824 688 922 742 cetera
944 679 1083 741 membra.

187 787 255 830 nam
278 770 311 829 tit
333 776 366 829 ut
388 771 420 830 in
444 772 556 830 somnis
578 771 674 830 iacere
697 770 753 830 hoo
776 769 909 830 rideatur
931 771 1040 847 imago:
1085 790 1124 830 uo

189 860 311 937 quippe,
333 857 385 917 ubi
408 860 503 936 prima
525 861 604 937 perit
627 857 771 937 alioquest
793 857 885 918 altera
907 864 974 918 nata

115 961 173 1012 770
189 946 258 1005 inde
282 951 373 1025 statu,
395 948 478 1024 prior
499 945 548 1006 bio
571 953 687 1024 gestum
709 952 838 1006 mutasse
861 946 985 1006 videtur.

26 1081 29 1092 .
116 1050 169 1100 755
190 1033 316 1114 scilicet,
339 1033 369 1093 id
392 1034 459 1094 fieri
481 1033 572 1094 celeri
595 1037 708 1094 ratione
730 1034 935 1113 putandumst:

150 1153 152 1158 v
187 1128 297 1181 tantast
319 1121 467 1182 mobilitas
491 1128 521 1181 et
543 1139 643 1182 rerum
667 1124 751 1201 eopia
773 1129 867 1202 tanta,

188 1216 327 1287 tantaque
350 1209 486 1269 sensibili
509 1208 612 1287 quovis
635 1217 680 1270 est
701 1218 834 1288 tempore
857 1212 888 1269 in
911 1227 970 1269 uno
1086 1227 1125 1269 us

190 1299 275 1376 copia
297 1297 522 1379 particularum,
544 1304 579 1357 ut
600 1300 694 1376 possit
717 1298 914 1376 suppeditare.
932 1295 943 1375 ΙΙ

117 1399 173 1452 775
233 1383 379 1463 Multaque
408 1388 439 1444 in
463 1385 510 1444 bis
532 1385 622 1445 rebus
646 1393 840 1467 quaeruntur,
867 1385 1016 1463 multaque
1039 1382 1124 1443 nobis

117 1490 170 1540 700
190 1471 402 1554 olerandumst,
425 1471 511 1551 plane
535 1475 561 1532 si
582 1491 632 1532 res
655 1491 803 1551 exponere
827 1491 954 1533 avemus.

191 1563 343 1639 quaeritur
366 1563 525 1639 inprimis
549 1579 652 1641 quare,
676 1562 753 1640 quod
777 1563 883 1640 cuique
905 1560 997 1620 libido

189 1651 317 1730 venerit,
341 1647 486 1727 extemplo
510 1665 594 1709 meus
617 1652 726 1728 cogitet
749 1652 812 1710 eius
836 1649 865 1709 id
890 1652 995 1728 ipsum.
1086 1669 1125 1709 rso

190 1755 266 1797 anne
289 1736 468 1798 volontatem
490 1745 622 1798 nostram
645 1737 801 1798 simulacra
823 1745 957 1818 tuentur,

118 1841 175 1892 780
192 1833 222 1885 07
245 1825 333 1887 simul
355 1845 389 1886 ac
411 1825 546 1886 volumus
568 1825 654 1886 nobis
678 1827 808 1886 oocrurit
829 1828 939 1906 imago,

118 1929 171 1979 705
192 1915 218 1973 si
240 1931 334 1995 mare,
357 1917 384 1974 si
405 1921 514 1974 terram
539 1913 664 1994 cordist,
687 1917 713 1974 si
735 1915 863 1992 denique
888 1910 1022 1974 eaelum?

191 2009 352 2062 conventus
374 2003 540 2081 hominum,
562 2020 712 2082 pompam,
736 2004 880 2082 convivia,
902 2019 1029 2082 pugnas,

192 2092 290 2150 omnia
313 2089 367 2150 sub
390 2089 518 2150 verbone
542 2098 623 2150 creat
645 2097 749 2150 natura
771 2085 935 2168 paratque?
1088 2109 1127 2151 res

193 2196 261 2238 oum
282 2180 456 2256 praesertim
480 2177 546 2236 aliis
569 2178 670 2237 eadem
693 2180 725 2237 in
747 2179 868 2256 regione
891 2177 1015 2255 locoque

118 2281 178 2333 705
191 2265 277 2343 longe
300 2264 452 2326 dissimilis
475 2267 591 2326 animus
614 2284 662 2325 res
686 2268 795 2343 cogitet
817 2267 921 2324 omnis.

120 2370 175 2420 770
193 2353 264 2433 quid
286 2372 388 2434 porro,
410 2356 442 2413 in
464 2371 622 2414 numerum
644 2353 805 2432 procedere
829 2371 896 2413 eum
919 2352 1076 2414 simulacra

193 2443 341 2502 cernimus
365 2444 395 2502 in
419 2445 530 2503 somnis
554 2450 584 2502 et
606 2440 704 2502 mollia
726 2441 858 2502 membra
880 2458 1012 2522 movere,

192 2529 303 2609 mollia,
325 2529 474 2591 mobiliter
497 2549 564 2592 eum
587 2530 708 2590 alternis
731 2529 868 2590 bracchia
890 2531 1012 2590 mittunt
1089 2553 1128 2593 roo

193 2624 222 2677 et
244 2625 383 2696 repetunt
406 2617 471 2678 ollis
494 2627 610 2697 gestum
631 2619 706 2698 pede
730 2615 939 2679 convenienti?

120 2723 177 2774 790
193 2705 319 2785 seilicet,
342 2713 405 2766 arte
427 2707 546 2766 madent
569 2706 725 2767 simulacra
747 2714 777 2768 et
800 2706 884 2767 docta
908 2714 1061 2787 vagantur,

120 2809 173 2862 775
192 2801 336 2853 nocturno
360 2794 456 2854 faeere
479 2801 513 2854 ut
534 2797 650 2873 possint
672 2797 858 2874 intempore
881 2795 975 2855 ludos.

193 2899 230 2940 an
252 2882 345 2959 magis
367 2881 439 2941 illud
463 2884 520 2942 erit
542 2879 666 2942 verum?
704 2885 771 2961 quia
793 2890 927 2962 tempore
950 2885 981 2941 in
1004 2900 1077 2962 uno,

192 2987 260 3030 oum
283 2971 440 3049 sentimus,
462 2970 493 3030 id
517 2977 562 3030 est
585 2989 652 3030 oum
674 2989 729 3029 vox
754 2974 898 3031 emittitur
921 2988 991 3049 una,
1089 2993 1127 3034 ros

192 3064 326 3136 tempora
348 3057 439 3118 multa
461 3057 565 3137 latent,
588 3060 663 3117 ratio
687 3075 761 3136 quae
785 3060 928 3137 comperit
951 3075 1030 3138 esse,

119 3161 176 3212 795
191 3152 349 3223 propterea
372 3146 405 3205 tit
427 3148 471 3205 uti
494 3147 597 3223 quovis
620 3147 651 3205 in
674 3153 806 3224 tempore
831 3164 963 3225 quaeque

119 3248 174 3299 700
191 3240 309 3312 praesto
333 3235 394 3292 sint
417 3232 573 3293 simulacra
596 3233 669 3293 loeis
691 3236 722 3293 in
747 3235 872 3312 quisque
895 3241 1003 3312 parata.

192 3317 201 3403 Η
214 3327 293 3380 tanta
317 3328 363 3381 est
385 3321 532 3381 mobilitas
556 3328 585 3382 et
607 3340 708 3382 rerum
732 3323 816 3399 eopia
838 3328 926 3381 tanta.

190 3497 247 3556 boo
270 3496 322 3557 ubi
343 3499 439 3576 prima
460 3500 539 3576 perit
561 3428 706 3576 alioipuest
729 3497 820 3557 altera
842 3505 910 3558 nata
1090 3519 1131 3561 eoo

190 3585 259 3645 inde
283 3591 374 3666 statu,
397 3588 479 3664 prior
501 3588 550 3647 hie
573 3593 689 3665 gestum
711 3592 840 3645 mutasse
865 3585 988 3647 videtur.
1006 3583 1017 3667 ΙΙ
