2500 3882
110 194 154 258 54
443 237 458 269 .
594 191 622 244 11

111 357 161 407 rsa
224 341 298 401 'lirm
320 357 409 418 porro
433 358 506 418 quae
530 339 612 399 ducit
635 347 665 399 et
687 339 782 400 inlicit
804 346 838 400 ut
860 339 1024 400 tribuamus

180 430 335 507 principiis
358 446 459 487 rerum
481 445 702 506 nonnumquam
724 445 813 488 causa
835 427 962 506 colores,

110 533 166 584 790
179 517 299 596 occidit,
322 534 358 576 ex
381 514 455 575 albis
478 518 617 593 quoniam
639 533 698 574 non
716 514 782 574 alba
804 522 955 595 creantur,
1076 529 1121 568 1⁹0

180 623 236 665 nec
260 622 333 683 qnae
357 605 440 681 nigra
464 603 563 664 cluent
585 603 621 663 dc
644 605 750 683 nigris,
774 602 827 662 sed
849 605 938 663 variis
961 621 1006 663 cx.

181 695 288 772 quippe
312 693 422 751 etenim
444 691 536 752 multo
558 690 719 771 proclivius
742 693 912 751 exorientur

112 797 163 846 tto
181 780 305 841 candida
327 779 363 838 de
386 778 467 839 nullo
491 797 578 858 quam
600 781 684 857 nigro
707 784 775 838 nata
797 779 908 859 colore,

111 884 165 936 794
178 875 228 929 aut
251 867 307 927 alio
331 869 447 947 quovis,
470 870 521 946 qui
544 874 646 927 contra
668 873 779 946 pugnet
801 874 831 926 et
854 867 957 927 obstet.
1075 881 1119 920 ⁷⁹⁴

111 973 166 1023 817
177 963 331 1035 praeterea
354 957 491 1033 quoniam
514 973 573 1015 non
596 956 686 1016 certis
709 962 789 1015 certa
811 955 913 1033 figuris
1075 968 1119 1008 sn

181 1051 227 1104 est
248 1050 353 1103 natura
374 1042 482 1104 coloris
505 1050 534 1104 et
557 1045 655 1103 omnia
675 1045 891 1122 principiorum

181 1132 373 1191 formamenta
397 1139 508 1210 queunt
530 1132 561 1191 in
584 1132 687 1209 quovis
711 1148 776 1190 esse
799 1133 908 1210 nitore,

112 1236 162 1285 795
181 1238 235 1280 cur
258 1237 291 1279 ea
314 1237 388 1297 quae
411 1226 546 1280 constant
569 1237 604 1278 ex
627 1218 686 1278 illis
709 1237 769 1278 non
791 1221 903 1298 pariter
926 1225 996 1279 sunt
1074 1234 1119 1274 eso

111 1324 167 1375 821
183 1325 268 1367 omne
292 1325 384 1385 genus
406 1308 526 1386 perlusa
549 1307 697 1367 coloribus
719 1309 752 1367 in
774 1325 882 1384 genere
905 1303 1007 1367 omni?

181 1394 371 1456 conveniebat
394 1397 472 1455 enim
495 1413 598 1455 corvos
622 1413 737 1474 quoque
761 1413 849 1473 saepe
871 1394 995 1455 volantis

181 1501 217 1543 cx
240 1483 314 1544 albis
337 1483 436 1544 album
457 1485 557 1563 pinnis
580 1485 689 1543 iactare
712 1482 854 1564 colorem,

182 1578 212 1631 et
234 1574 334 1649 nigros
357 1572 423 1631 lieri
445 1573 529 1649 nigro
553 1571 589 1631 de
612 1573 724 1631 semine
748 1589 854 1649 cycnos

112 1675 163 1723 800
182 1666 232 1719 aut
254 1659 310 1718 alio
334 1661 436 1737 quovis
460 1677 519 1719 uno
541 1661 680 1737 varioque
704 1658 810 1719 colore.
1074 1673 1117 1714 aas

112 1763 166 1814 795
226 1745 382 1807 Praeterea
405 1749 543 1824 quoniam
565 1754 716 1824 nequeunt
739 1749 802 1806 sine
825 1746 891 1807 lucc
915 1746 1028 1807 colores
1074 1762 1116 1802 ros

182 1853 261 1914 esse,
284 1852 379 1912 neque
402 1835 434 1893 in
456 1834 552 1894 lucem
575 1837 706 1894 existunt
728 1834 889 1913 primordia
912 1853 1026 1916 rerum,

182 1925 259 1982 scire
281 1922 350 1982 licei
373 1940 460 2000 quam
483 1924 542 1982 sint
564 1921 644 1982 nullo
667 1922 760 1983 velata
783 1922 894 1983 colore:

182 2011 276 2090 qualis
299 2011 378 2070 enim
400 2012 496 2070 caecis
519 2013 628 2088 poterit
650 2010 730 2071 color
753 2028 818 2071 csse
841 2007 993 2071 tenebris?

112 2115 163 2165 805
183 2099 293 2159 lumine
317 2100 388 2177 quin
411 2100 475 2176 ipso
499 2104 628 2159 mutatur
650 2106 807 2178 propterea
830 2098 907 2176 quod

111 2204 168 2254 800
181 2193 262 2247 recta
285 2193 334 2246 aut
357 2185 474 2264 obliqua
496 2205 656 2265 percussus
678 2186 743 2248 luce
766 2186 904 2266 refulget3
1074 2202 1116 2242 ooo

181 2275 280 2355 pluma
302 2273 503 2335 columbarum
526 2292 583 2353 quo
606 2282 691 2353 pacto
714 2276 746 2334 in
769 2274 830 2335 sole
852 2274 981 2354 videtur,

182 2381 256 2442 quae
280 2364 335 2423 sita
359 2364 532 2423 cervicemst
554 2365 666 2423 circum
690 2361 854 2440 collumque
878 2370 1010 2422 coronat:

181 2468 307 2528 namque
330 2449 402 2510 alias
424 2451 458 2510 fit
480 2452 524 2510 uti
546 2449 624 2510 claro
648 2453 687 2511 sit
709 2450 799 2510 rubra
821 2468 944 2530 pyropo,

112 2555 163 2605 810
180 2537 329 2598 interdum
352 2537 477 2615 quodam
499 2534 618 2616 †sensu
640 2538 674 2598 lit
695 2540 739 2598 uti
761 2538 895 2598 videatur

111 2642 168 2694 805
180 2629 259 2686 inter
281 2623 424 2685 curalium
447 2626 549 2686 viridis
571 2627 697 2686 miscere
722 2625 900 2704 zmaragdos.
1073 2641 1114 2681 sos

182 2713 331 2791 caudaque
353 2715 495 2794 pavonis‚'
512 2713 591 2792 larga
614 2731 680 2774 cum
704 2713 769 2774 luce
792 2713 944 2795 repletast,

182 2800 328 2863 consimili
350 2808 444 2861 mutat
466 2804 578 2863 ratione
603 2800 725 2862 obversa
748 2800 874 2882 colores3

182 2892 394 2970 quiquoniam
417 2889 542 2968 quodam
565 2892 725 2968 gignuntur
746 2889 866 2950 luminis
889 2891 962 2970 ictu,

112 2996 162 3045 815
181 2982 258 3040 scire
281 2977 362 3058 licet,
386 2979 450 3038 sine
473 2996 508 3037 eo
531 2979 596 3037 lieri
618 2997 677 3039 non
699 2996 786 3058 posse
808 2978 1006 3057 putandumst.

111 3084 167 3134 810
181 3075 210 3128 et
233 3069 371 3146 quoniam
393 3065 495 3145 plagae
518 3065 664 3145 quoddam
687 3084 780 3145 genus
803 3068 913 3144 excipit
934 3068 966 3126 in
989 3083 1020 3125 se
1075 3080 1116 3120 ero

181 3154 302 3234 pupula,
326 3173 393 3215 cum
416 3156 526 3214 sentire
550 3153 678 3214 colorem
701 3155 809 3214 dicitur
832 3153 943 3234 album,

181 3249 267 3320 atque
291 3241 370 3302 aliud
392 3259 494 3321 porro,
517 3243 634 3319 nigrum
657 3260 724 3302 cum
747 3249 776 3302 et
799 3249 897 3301 cetera
920 3244 1022 3322 sentit,

182 3348 237 3389 nec
259 3328 351 3388 refert
373 3347 407 3389 ea
431 3347 505 3407 quae
527 3335 629 3406 tangas
653 3347 711 3407 quo
734 3330 809 3388 sorte
833 3329 930 3389 colore

112 3433 164 3483 820
182 3415 314 3495 praedita
336 3418 410 3496 sint,
432 3434 535 3477 verum
558 3415 638 3494 quali
660 3418 752 3494 magis
776 3422 843 3495 apta
865 3417 971 3496 ligura,

113 3520 167 3572 815
184 3505 260 3565 scire
284 3501 353 3563 licet
375 3502 417 3562 nil
439 3505 594 3582 principiis
618 3522 691 3582 opus
715 3522 779 3564 esse
803 3503 930 3585 colores,
1077 3517 1118 3559 ero
