2500 3882
116 190 157 255 82
600 187 640 240 ΠΙ

117 353 169 404 oto
188 336 322 398 dissolui.
358 335 437 415 quod
461 337 487 395 si
509 333 674 395 inmortalis
697 341 798 394 nostra
820 334 897 394 foret
920 353 1017 415 mens,

188 443 247 485 non
269 432 329 485 tam
354 442 385 484 se
409 425 538 483 moriens
563 422 683 482 dissolvi
707 429 953 503 conquereretur,
1042 454 1044 460 ·

189 513 240 573 sed
264 514 357 590 magis
380 513 425 572 ire
448 512 528 570 ioras
551 517 722 589 vestemque
746 510 929 589 relinquere,
955 517 990 570 ut
1011 513 1125 588 anguis

231 594 240 684 d
251 600 385 679 Denique
404 617 457 659 our
476 600 566 658 animi
579 616 740 677 numquam
753 616 839 658 mens
853 597 1069 677 consiliumque
1081 619 1120 661 us

186 691 319 768 gignitur
341 691 373 748 in
396 688 492 766 capite
515 694 565 747 aut
586 685 712 765 pedibus
735 685 921 766 manibusve,
945 687 1086 747 sedunis

118 792 169 842 616
190 776 309 837 sedibus
333 784 363 837 66
386 777 476 836 cortis
499 774 671 852 regionibus
695 772 832 834 omnibus
855 773 970 854 haeret,

189 867 215 925 si
237 883 297 925 non
320 870 401 924 certa
424 862 486 923 loca
510 863 546 922 ad
569 862 750 922 nascendum
772 861 888 922 reddita
911 863 1018 940 cuique

190 959 271 1032 sunt,
298 958 328 1010 et
349 950 401 1010 ubi
424 949 564 1028 quicquid
587 952 682 1028 possit
704 950 811 1010 durare
834 955 967 1010 creatum

189 1046 276 1117 atque
299 1040 339 1098 ita
362 1037 545 1099 multimodis
566 1039 684 1116 partitis
707 1036 830 1097 artubus
855 1055 934 1117 esse,
1086 1061 1124 1100 666

189 1126 390 1186 membrorum
413 1133 447 1187 ut
468 1143 628 1204 numquam
652 1127 759 1186 existat
780 1131 990 1204 praeposterus
1014 1122 1106 1184 ordo?

119 1231 171 1280 620
190 1232 284 1293 usque
308 1214 380 1274 adeo
404 1215 540 1292 sequitur
561 1232 611 1273 res
634 1231 711 1293 rem,
733 1230 831 1292 noque
853 1212 971 1272 ilamma
994 1215 1091 1272 creari

188 1302 361 1363 fluminibus
386 1301 500 1362 solitast
522 1319 619 1380 neque
641 1303 673 1361 in
696 1303 759 1379 igni
781 1303 896 1379 gignier
918 1298 1008 1378 algor.
1026 1296 1037 1381 ΙΙ

232 1389 389 1451 Praeterea
412 1392 438 1449 si
461 1388 625 1450 inmortalis
648 1395 753 1449 natura
776 1384 914 1449 animaist

188 1485 219 1538 et
242 1481 353 1538 sentire
376 1484 475 1556 potest
498 1484 611 1538 secreta
632 1496 650 1538 a
673 1494 796 1556 corpore
819 1482 934 1556 nostro,
1086 1500 1124 1540 oss

169 1591 170 1594 ¹
189 1568 329 1645 quinque,
352 1574 386 1626 ut
404 1567 518 1645 opinor,
540 1582 605 1624 eam
623 1564 822 1625 faciundumst
840 1564 977 1626 sensibus
997 1572 1125 1626 auctam:

119 1669 245 1718 6261166
267 1655 381 1712 ratione
406 1652 461 1711 alia
482 1659 600 1712 nosmet
620 1670 786 1731 proponere
808 1652 895 1713 nobis

188 1757 347 1819 possumus
370 1739 502 1799 infernas
525 1742 636 1799 animas
659 1740 825 1800 Acherunte
847 1741 955 1817 vagari.

188 1830 318 1907 pictores
341 1829 440 1905 itaque
463 1833 493 1887 66
516 1829 695 1905 scriptorum
718 1827 813 1888 saecla
834 1829 935 1906 priora

189 1918 233 1976 sio
256 1916 368 1975 animas
391 1916 470 1974 intro
492 1915 640 1975 duxerunt
663 1915 799 1976 sensibus
825 1922 934 1976 auctas,
1085 1939 1124 1979 666

188 2011 337 2080 alnoque
361 2019 478 2062 sorsum
501 2002 579 2063 oculi
601 2021 697 2081 neque
720 2021 807 2063 nares
830 2020 886 2062 neo
908 2020 1014 2062 manus
1036 2005 1099 2082 ipsa

119 2108 170 2157 666
190 2109 254 2152 6666
278 2097 376 2170 potest
394 2093 518 2171 animae,
540 2108 637 2168 nequo
656 2108 771 2151 sorsum
789 2089 890 2168 lingua
908 2108 1005 2168 neque
1024 2109 1121 2152 aures:

188 2179 265 2242 baud
289 2181 381 2258 igitur
402 2197 457 2258 per
480 2197 511 2239 66
534 2185 660 2258 possunt
682 2181 792 2238 sentire
814 2195 911 2256 neque
935 2195 1010 2238 6666.

232 2261 241 2350 {l
254 2265 292 2327 Et
315 2269 453 2346 quoniam
475 2273 538 2327 toto
561 2268 705 2326 sentimus
728 2284 851 2344 corpore
874 2267 974 2325 inesse

188 2354 305 2415 vitalem
330 2372 450 2415 sensum
473 2361 503 2414 et
524 2360 619 2414 totum
642 2371 708 2413 6666
731 2352 856 2413 animale
877 2352 1026 2434 videmiae,
1086 2375 1123 2416 666

190 2445 215 2503 61
238 2441 335 2502 subito
359 2442 490 2502 medium
512 2441 602 2502 celeri
624 2441 803 2520 praeciderit
825 2443 887 2501 ictu

120 2547 170 2596 666
189 2532 233 2590 vis
256 2529 367 2610 aliqua,
389 2536 422 2588 ut
445 2547 563 2589 sorsum
584 2534 699 2607 partem
720 2535 856 2589 secernat
878 2535 1047 2610 utramque,

191 2617 345 2696 dispertita
367 2615 583 2695 proculdubio
607 2634 723 2694 quoque
747 2619 792 2676 vis
814 2618 923 2677 animai

191 2711 221 2764 et
242 2705 366 2764 discissa
389 2703 477 2764 simul
500 2721 566 2765 oum
590 2721 714 2782 corpore
737 2704 914 2766 dissicietur.

190 2798 219 2851 at
242 2791 320 2869 quod
343 2792 489 2852 scinditur
512 2799 542 2852 et
563 2793 656 2870 partis
680 2792 806 2852 discedit
828 2795 859 2852 in
880 2791 969 2873 ullas,
1087 2815 1124 2855 oro

191 2878 317 2960 scilicet,
340 2886 489 2940 aeternam
513 2879 570 2940 sibi
592 2886 728 2939 naturam
750 2879 853 2941 abnuit
876 2897 951 2940 esse.

121 2983 172 3032 640
190 2967 337 3029 falciferos
360 2974 525 3027 memorant
548 2985 653 3027 currus
676 2967 829 3028 abscidere
851 2966 984 3028 membra

192 3074 278 3135 saepo
301 3058 342 3116 ita
365 3056 402 3116 de
425 3054 522 3115 subito
545 3057 691 3134 permixta
714 3055 803 3116 caede
827 3054 962 3136 calentis,

192 3150 225 3202 ut
245 3151 373 3204 tremere
396 3146 428 3203 in
450 3150 530 3203 terra
552 3143 686 3204 videatur
709 3143 744 3204 ab
768 3143 889 3204 artubus
911 3143 942 3203 id
966 3144 1044 3222 quod
1135 3179 1137 3189 ·

193 3230 302 3290 decidit
318 3231 476 3311 abscisum,
494 3250 561 3291 oum
575 3250 660 3292 mens
674 3238 773 3292 tamen
787 3238 873 3310 atque
887 3232 1015 3292 bominis
1030 3233 1074 3292 vis
1088 3253 1124 3295 666

192 3315 354 3377 mobilitate
376 3318 446 3379 nrali
468 3330 529 3380 non
551 3321 616 3397 quit
638 3322 749 3379 sentire
773 3319 918 3398 dolorem3

123 3411 224 3470 casei
247 3404 335 3462 simul
358 3407 389 3464 in
411 3424 526 3484 pugnae
550 3406 648 3466 studio
672 3405 750 3485 quod
774 3406 871 3466 dedita
894 3424 978 3466 mens
1002 3414 1059 3486 est,

194 3508 317 3570 corpore
341 3489 453 3551 relicuo
475 3512 604 3573 pugnam
627 3494 791 3572 caedesque
814 3495 950 3573 petessit,
