2496 3876
485 273 766 330 PROLEGOMENA.
1020 273 1133 328 LXXXI

115 441 146 501 p.
165 418 254 483 2375
272 439 391 481 versum
409 421 445 480 Vl
463 420 481 482 l.
502 419 566 483 889
586 423 627 482 ita
646 425 789 501 scriptum
809 420 929 482 exhibet
943 417 962 482 ³.
973 469 980 482 .
991 469 997 482 .
1009 420 1133 501 faciunt

11 501 32 604 J
115 505 239 588 aquoe'.
292 527 395 570 verum
433 527 500 571 cum
532 508 611 570 Beda
647 512 710 588 ipse
748 509 889 589 syllabam
921 510 1131 589 paenultimam

13 656 30 678 ,Ε
116 598 237 676 longam
264 613 329 657 esse
352 597 437 678 velit,
460 597 502 658 de'
520 597 600 658 illius
623 599 724 658 nescio
748 601 832 659 cuius
856 600 1040 676 grammatici
1063 616 1130 659 auc·

11 672 31 766 j¹⁶j
115 688 237 746 toritate
257 684 429 746 addubitare
451 685 529 746 licet.
570 686 699 764 denique
722 705 776 746 our
798 685 914 746 librarii
936 686 1008 747 illud
1031 704 1131 764 aquae

119 766 247 858 (aercae)
283 772 469 853 trisyllabum
504 774 553 834 hic
589 776 687 835 minus
723 773 845 835 tulerint
883 793 971 852 quam
1006 793 1031 834 r.
1064 772 1129 836 552

12 863 17 887 '²
115 858 273 923 tulerunt?
305 894 347 905 —
379 859 443 923 892
474 859 573 923 oculto
596 910 602 922 .
622 911 628 922 .
649 910 655 923 .
678 861 799 924 semino
829 859 942 924 babeat
971 860 1054 942 lynce

11 953 23 958 ”
117 948 255 1014 boemos
286 949 317 1010 B.
350 949 402 1010 Mr.
435 952 566 1012 lenem
597 949 655 1021 OQ.
688 949 814 1029 tepentis
844 950 920 1032 Lm,
954 954 1038 1030 quasi
1070 969 1130 1010 non

19 1041 23 1047 '
117 1041 252 1100 omnium
284 1040 361 1116 ignis
390 1041 537 1099 seminum
564 1057 622 1099 una
649 1041 689 1098 sil
716 1048 833 1119 natura,
862 1057 936 1116 quae
965 1059 1032 1101 cum
1060 1057 1129 1100 con-

116 1128 242 1208 fluxere,
263 1133 365 1186 creant
387 1126 531 1187 lucendio.
572 1125 735 1204 taedaeque
757 1129 915 1189 trementes
932 1127 1038 1206 Bergk.
1062 1145 1128 1188 ann.

14 1293 15 1298 η
116 1215 218 1296 philol.
242 1213 342 1274 LXVll
364 1233 391 1292 p.
416 1212 479 1275 327
509 1233 568 1274 non
591 1218 696 1275 inscite
726 1214 777 1275 sed
803 1234 908 1294 parum
933 1219 1061 1295 proprie.
1086 1250 1128 1258 -

116 1301 201 1382 lapis
272 1319 362 1381 qoem
380 1297 533 1382 Mopoeto
549 1305 660 1363 coeant
668 1302 775 1380 patric
793 1301 830 1364 de
846 1302 970 1364 amalae
989 1297 1130 1385 (patriae

11 1413 13 1475 j
116 1391 154 1453 cle
171 1389 296 1453 nomene
313 1409 392 1460 nunc
412 1393 560 1452 succurrit
578 1390 767 1451 scribendum
787 1385 868 1473 esse)
888 1387 978 1472 Groc',
997 1387 1130 1470 Mapor-

117 1483 184 1540 trsm
214 1477 291 1557 quia
321 1479 376 1557 eet
399 1477 519 1558 aaron
549 1477 585 1539 a'rt
610 1475 725 1558 ficibus
752 1480 849 1540 ortus:
898 1477 936 1559 {lt
960 1481 1044 1540 ortos
1070 1478 1129 1550 00-

115 1566 171 1628 Mr.
198 1566 243 1628 sr't
267 1569 363 1642 octat,
391 1569 410 1627 i.
435 1585 459 1627 e.
489 1567 567 1645 quod
594 1566 637 1627 ibi
664 1569 727 1627 eius
757 1568 808 1646 sit,
835 1573 869 1626 ut
897 1567 1012 1648 dieunt,
1036 1565 1127 1646 orlac.

115 1655 154 1736 fit
175 1657 244 1718 orto
266 1673 370 1734 parum
393 1662 459 1734 apte
478 1655 540 1716 Lm.
559 1654 591 1716 B.
611 1688 652 1699 --
672 1652 736 1717 909
749 1658 974 1733 permanenter
995 1654 1043 1717 orb
1056 1672 1130 1734 per-

115 1743 215 1806 valet
227 1741 292 1804 ec'tcs
302 1737 485 1826 (magnetis).
513 1743 569 1804 hoo
581 1760 688 1804 novum
702 1743 827 1804 verbum
837 1777 879 1787 —
890 1745 925 1804 cl.
940 1764 968 1824 p.
978 1743 1075 1804 XXIV.
1086 1778 1128 1786 -

117 1835 236 1912 egregie
265 1832 350 1891 finxit
372 1831 542 1914 Lucretius,
565 1834 650 1893 cuius
678 1831 761 1892 verbi
786 1834 815 1891 vi
837 1850 898 1892 non
921 1839 1076 1912 perspecta
1099 1840 1130 1892 et

116 1920 274 1981 Tmmebus
301 1919 363 1979 adv.
384 1918 474 1979 XXVI
499 1918 540 1983 13
563 1928 593 1981 et
615 1920 766 1981 Bentleius
783 1917 926 1998 percolat
947 1921 1038 1982 scribi
1061 1939 1130 1981 cum

116 2011 285 2088 iussissent,
308 2007 370 2067 Lm.
390 2008 420 2068 Β.
439 2008 492 2068 Mr.
516 2011 560 2069 eis
584 2008 718 2070 obsecuti
737 2018 812 2069 sunt.
832 2041 874 2054 ·—
894 2006 959 2070 918
975 2008 1078 2090 frepus
1097 2010 1131 2072 lt

116 2115 174 2178 pro
195 2098 232 2158 tet
252 2095 401 2174 Kanneng.
425 2096 524 2175 philol.
546 2097 583 2156 IV
605 2096 747 2176 supplem.
771 2115 799 2174 p.
818 2094 893 2159 510.
917 2131 958 2139 —
982 2095 1046 2159 919
1070 2095 1129 2160 ct'r·

116 2203 188 2248 erem
211 2184 269 2256 OQ.
285 2232 291 2245 .
307 2232 313 2245 .
328 2187 453 2263 propter
475 2204 511 2245 ex
535 2185 552 2244 l.
571 2184 608 2245 lV
630 2181 695 2246 220
719 2177 811 2267 (Lm.)
835 2183 897 2244 Lm.
921 2184 962 2264 B.‚
986 2185 1038 2244 sed
1061 2203 1129 2246 cum

116 2291 224 2334 versus
239 2271 413 2334 217-229
434 2291 470 2334 ex
488 2271 563 2333 libro
584 2279 665 2332 sexto
685 2271 720 2332 ab
740 2272 950 2351 interpolatore
969 2274 1001 2331 in
1019 2270 1128 2332 librum

115 2362 155 2423 lV
177 2363 283 2421 inserti
311 2363 382 2440 sint,
412 2367 446 2420 ut
472 2360 522 2420 illo
545 2360 609 2420 loco
633 2359 731 2440 docui,
761 2359 877 2421 facilius
905 2361 1054 2438 eorrumpi
1077 2378 1129 2438 po-

115 2455 247 2511 tuerunt.
267 2481 310 2491 —
330 2446 393 2509 927
418 2467 461 2527 sq.
477 2496 483 2508 .
499 2495 506 2508 .
522 2497 528 2509 .
545 2444 693 2511 omniboa'
716 2464 834 2526 semper
856 2465 974 2510 eernere
997 2456 1065 2528 eto.;
1092 2448 1127 2509 cl.

117 2537 219 2618 philol.
243 2535 336 2597 XXIX
359 2533 424 2598 439
449 2555 504 2616 sep:
528 2536 634 2599 omnia
656 2536 714 2608 00.
738 2536 803 2596 edd.
829 2533 920 2613 [928]
944 2535 1006 2597 Lm.
1030 2536 1061 2596 Β.
1085 2569 1128 2580 -—

117 2623 183 2688 938
212 2623 317 2688 creant
338 2621 446 2702 barbo,
464 2622 584 2705 pilique
599 2642 659 2704 per
681 2623 788 2686 monio
809 2621 958 2687 membra:
987 2645 1039 2687 our
1061 2633 1130 2705 post

116 2709 216 2776 barba
242 2714 441 2794 distiuxerim,
468 2733 554 2774 nemo
587 2733 647 2774 non
673 2712 792 2774 videbit.
820 2709 1093 2794 -11941-943
1120 2709 1129 2796 Η

117 2802 202 2864 credi
220 2820 280 2862 non
298 2808 395 2881 potest
413 2812 529 2880 poetam
547 2805 675 2881 primum
695 2802 731 2862 de
753 2802 863 2880 frigore
885 2811 915 2863 et
937 2802 1042 2882 calore,
1065 2809 1127 2861 tum

116 2891 155 2951 de
178 2909 263 2971 voce,
286 2892 374 2950 tertio
401 2889 465 2949 loco
493 2890 530 2949 de
553 2892 615 2968 igni
638 2890 719 2968 loqui
742 2890 878 2951 voluisse.
925 2887 989 2951 946
1013 2908 1055 2968 sq.
1075 2935 1081 2948 .
1098 2936 1126 2950 ..

110 2980 277 3058 penetrare
293 2975 398 3056 suerit.
439 2976 566 3056 mique
587 2995 650 3057 quo
670 2976 786 3039 circueat
804 2975 880 3040 coeli
898 2974 994 3039 lorice
1011 2981 1126 3039 coercet.

117 3066 178 3136 00.
197 3067 325 3126 editores
348 3073 415 3126 ante
433 3064 660 3146 Lachmannum‚
680 3068 732 3144 qui
754 3069 829 3126 mira
851 3067 1019 3126 coniectura
1039 3061 1128 3127 Galli

117 3157 240 3233 scripsit
248 3156 302 3214 ita:
310 3155 473 3232 penetrare
481 3152 723 3232 suecitdertt'que,
733 3171 796 3232 qua
805 3152 919 3215 mcum
931 3148 1019 3214 Galli
1032 3150 1128 3216 lort'eo

116 3243 235 3304 coercet.
258 3242 337 3302 idem
351 3245 416 3321 pari
430 3242 600 3303 infelicitate
616 3240 680 3304 955
694 3249 761 3321 post
776 3239 840 3303 947
852 3235 933 3324 (940
942 3235 1023 3326 Brg.)
1038 3242 1126 3302 collo-

118 3333 207 3411 cavit3
226 3333 304 3391 inter
321 3331 376 3390 bos
394 3330 468 3390 duos
482 3349 584 3391 versus
598 3329 709 3408 aliquid
724 3330 879 3410 excidisse,
897 3349 933 3390 ex
948 3329 997 3390 illo
1008 3377 1015 3390 .
1027 3377 1033 3390 .
1045 3377 1051 3390 .
1061 3347 1127 3408 qtae,

118 3466 125 3479 .
143 3467 149 3479 .
165 3467 171 3479 .
185 3416 326 3480 morbido
342 3417 447 3498 oraqoe
463 3415 556 3480 semol
574 3425 703 3498 apparet.
745 3416 797 3478 sed
821 3418 857 3477 de
881 3436 914 3478 re
938 3424 1004 3478 ante
1028 3420 1126 3477 omnia

118 3507 279 3568 videndum
302 3515 355 3568 est.
395 3515 481 3586 poeta
504 3509 562 3567 iam
579 3524 674 3584 supra
699 3538 741 3548 —
764 3523 789 3565 v.
808 3502 875 3567 486
894 3525 936 3584 sq.
961 3538 1002 3546 —
1027 3504 1127 3564 docrut

116 3614 173 3675 per
200 3595 273 3656 caeli
301 3597 455 3675 foramina,
478 3613 552 3674 quae
578 3591 690 3673 mayoc
713 3589 871 3672 miraculo
897 3589 1007 3654 munda·
1034 3599 1126 3672 vocat,

171 3705 315 3748 Locnnrms.
330 3705 364 3746 ed.
377 3705 503 3755 Brleger.
902 3693 917 3744 f
