2500 3882
111 235 155 300 90
593 235 636 288 ΠΙ

111 397 163 447 999
181 381 345 443 dissoluant
367 384 458 442 animi
479 400 586 460 magno
608 401 641 441 se
663 399 772 460 angore
793 389 941 458 metuque.

604 487 621 527 a

183 552 226 619 ‘tu
250 559 370 637 quidem
391 567 426 618 ut
448 576 480 618 os
502 557 562 617 leto
585 559 712 636 sopitus,
734 560 778 616 sic
800 558 861 616 eris
882 557 947 615 aeri

182 645 260 725 qnod
284 665 375 725 snper
396 654 443 706 est
464 648 579 705 cunctis
600 646 724 724 privatu'
746 643 898 704 doloribus
920 643 1033 720 aegris:
1077 662 1122 704 soa

181 741 289 794 atnoe
310 734 451 794 horrifico
473 734 649 794 cinefactum
670 741 701 793 te
722 751 815 811 prope
836 731 926 792 lusto

111 837 167 888 905
182 821 389 882 insatiabiliter
411 820 597 902 deflevimus,
620 829 832 898 aeternumque

112 925 164 974 999
182 908 262 969 nulla
284 909 348 970 dies
371 908 457 969 nobis
479 927 627 970 merorem
650 928 667 968 e
689 917 809 987 pectore
831 901 950 967 demet'

182 996 255 1056 illud
278 996 315 1056 al)
336 997 393 1058 hoc
414 1000 506 1074 igitur
528 997 770 1075 quaerendumst,
793 995 864 1074 qnid
887 997 928 1054 sit
948 995 1043 1053 amari

181 1091 263 1144 tanto
282 1103 380 1165 opere,
398 1085 434 1146 ad
452 1103 588 1145 somnum
607 1087 634 1145 si
655 1103 704 1144 res
722 1084 800 1143 redit
817 1093 905 1161 atque
924 1084 1065 1160 quietem,
1079 1101 1123 1143 ooo

182 1189 237 1232 cur
259 1175 415 1250 quisquam
437 1181 557 1232 aeterno
580 1175 675 1251 possit
696 1171 850 1231 tabescere
871 1169 961 1230 luctu

113 1275 167 1326 910
227 1253 237 1343 Η
249 1259 312 1321 Hoc
335 1262 424 1320 etiam
446 1260 557 1320 iaciunt
577 1260 631 1320 ubi
652 1259 829 1319 discubuere
850 1264 1012 1335 tenentque

112 1363 164 1412 919
182 1347 287 1427 pocula
309 1367 396 1428 saepe
418 1348 554 1408 homines
577 1355 607 1408 et
628 1347 799 1408 inumbrant
820 1364 873 1406 ora
894 1347 1027 1424 coronis,

182 1453 218 1496 ex
246 1438 343 1496 animo
370 1443 404 1497 ut
426 1437 526 1496 dicant
552 1433 663 1496 ‘brevis
688 1435 737 1494 hic
760 1442 807 1494 est
828 1435 942 1494 fructus
964 1432 1122 1492 homullis:

182 1527 242 1584 iam
264 1524 366 1603 luerit,
387 1542 484 1602 neque
507 1531 575 1603 post
596 1541 737 1601 umquam
759 1540 897 1582 revocare
920 1517 1043 1581 licebit'
1080 1543 1124 1584 ors

181 1619 331 1689 tamquam
354 1614 386 1670 in
408 1619 502 1671 morte
525 1611 685 1671 malicum
707 1612 812 1689 primis
834 1610 890 1669 hoc
913 1611 952 1668 sit
974 1627 1092 1689 eorum,

111 1713 167 1766 915
183 1699 262 1777 quod
285 1701 351 1758 sitis
374 1706 477 1758 exurat
499 1701 624 1758 miseros
647 1706 734 1777 atque
757 1696 839 1758 arida
861 1704 967 1776 tonat,

112 1801 164 1851 919
183 1793 234 1846 aut
255 1785 329 1846 aliae
352 1788 437 1845 cuius
460 1786 641 1846 desiderium
664 1786 792 1846 insideat
812 1783 894 1862 reifl
930 1793 944 1824 ⁰

183 1891 239 1934 nec
262 1872 320 1933 sibi
342 1875 422 1933 enim
445 1875 600 1952 quisquam
622 1881 687 1934 tum
709 1891 742 1934 se
764 1875 912 1951 vitamque
933 1874 1075 1952 requirit,

184 1978 251 2021 cum
273 1962 385 2040 pariter
406 1978 491 2020 mens
514 1967 544 2020 et
566 1979 674 2040 corpus
696 1964 791 2040 sopita
814 1963 984 2039 quiescunt:
1080 1983 1124 2023 oso

183 2067 251 2115 nam
273 2047 344 2109 licet
365 2056 518 2109 aeternum
540 2067 594 2128 per
616 2068 671 2110 nos
694 2051 737 2109 sic
759 2066 825 2110 esse
849 2065 999 2127 soporem,

112 2153 237 2205 920nec
260 2136 441 2197 desiderium
463 2139 558 2197 nostri
580 2155 634 2197 nos
658 2137 756 2197 adficit
777 2136 884 2197 ullum:

113 2241 164 2290 999
182 2231 212 2285 et
234 2231 333 2284 tamen
355 2223 433 2284 haud
457 2242 602 2303 quaquam
625 2231 742 2284 nostros
765 2230 836 2284 tunc
858 2223 907 2283 illa
929 2241 986 2302 per
1008 2230 1091 2284 artus

182 2310 269 2390 longe
291 2311 329 2371 ab
352 2311 505 2372 sensiferis
527 2312 689 2390 primordia
710 2311 841 2371 motibus
864 2318 977 2391 errant,

183 2417 250 2459 cum
273 2407 427 2478 correptus
450 2399 538 2459 homo
561 2418 597 2461 ex
620 2417 724 2459 somno
748 2417 779 2458 se
802 2398 920 2476 colligat
941 2401 1015 2476 ipse.
1080 2423 1124 2463 oss

182 2485 275 2547 multo
302 2489 393 2564 igitur
420 2494 545 2547 mortem
567 2489 666 2547 minus
689 2487 725 2546 ad
747 2505 803 2546 nos
825 2505 891 2546 esse
913 2487 1123 2569 putandumst3

112 2589 169 2640 925
184 2576 210 2632 si
233 2576 331 2632 minus
355 2591 419 2634 esse
443 2582 541 2653 potest
562 2592 650 2652 quam
674 2573 752 2652 quod
774 2573 817 2633 nil
839 2592 905 2634 esse
929 2574 1078 2636 videmus:

113 2675 163 2725 925
183 2662 277 2720 maior
299 2662 378 2720 enim
401 2661 487 2721 turha
510 2669 540 2721 et
562 2663 704 2722 disiectus
726 2664 860 2721 materiai

183 2749 374 2824 consequitur
397 2746 468 2828 leto,
491 2767 546 2809 nec
570 2752 726 2828 quisquam
749 2752 918 2828 expergitus
942 2757 1034 2830 extat,

183 2834 288 2912 frigida
312 2852 400 2912 quem
423 2834 514 2896 semel
537 2847 583 2896 est
605 2839 675 2896 vitai
697 2855 788 2915 pausa
811 2846 919 2897 secuta.
1081 2862 1125 2902 eso

226 2921 359 3000 lienique
383 2924 409 2981 si
431 2941 533 2983 vocem
556 2942 657 2984 rerum
679 2932 783 2985 natura
805 2932 928 3003 repente

112 3024 168 3075 930
181 3012 278 3070 mittat
301 3016 330 3069 et
352 3009 409 3068 hoc
432 3008 519 3070 alicui
541 3019 677 3071 nostrum
700 3014 743 3071 sic
765 3015 899 3091 increpet
921 3015 999 3094 ipsa,

113 3112 163 3160 999
183 3093 266 3174 ‘quid
293 3096 347 3157 tihi
373 3103 453 3156 tanto
477 3105 608 3178 operest,
635 3099 779 3179 mortalis,
807 3099 885 3177 qnod
909 3103 999 3161 nimis
1023 3105 1125 3180 aegris

182 3183 310 3243 luctibus
333 3181 491 3262 indulges?
526 3186 596 3262 quid
619 3193 745 3246 mortem
768 3189 919 3265 congemis
943 3207 976 3248 ac
999 3187 1077 3250 iles?

182 3287 250 3329 nam
274 3273 299 3330 si
322 3279 403 3347 grata
426 3272 482 3332 fuit
504 3271 560 3332 tibi
582 3275 640 3333 rita
662 3281 729 3334 ante
753 3281 816 3334 acta
838 3278 995 3356 priorque,
1082 3301 1124 3341 aas

183 3363 213 3416 et
234 3373 295 3416 non
317 3361 412 3418 omnia
436 3366 590 3437 pertusum
612 3368 751 3439 congesta
774 3365 858 3440 quasi
880 3365 913 3423 in
934 3383 986 3424 vas

112 3457 165 3509 935
183 3443 335 3503 commoda
356 3445 523 3523 perfluxere
546 3453 632 3525 atque
656 3451 770 3526 ingrata
791 3452 948 3532 interiere,

113 3545 164 3596 aad
183 3548 237 3590 cur
258 3547 318 3592 non
341 3538 372 3592 ut
394 3532 500 3611 plenus
524 3536 599 3594 vitae
622 3538 742 3596 conviva
765 3536 881 3597 recedis

292 3810 305 3843 i
