2512 3874
98 215 163 278 124
587 213 626 267 IV

183 361 252 438 pusi
274 377 361 439 saepe
385 359 480 420 laeum
503 367 626 438 propter
649 361 731 420 siae
754 358 832 419 dolia
854 365 938 419 curta

94 463 171 516 1020
185 466 288 507 somno
311 448 441 508 devincti
465 448 590 508 credunt
613 465 644 508 se
668 446 808 507 extollere
830 453 956 526 vestem,

97 551 165 602 1005
184 538 275 596 101100
299 553 433 596 umorem
456 543 604 596 saccatum
627 536 752 614 corpori'
776 535 915 614 tundunt,

184 642 252 684 cum
274 623 451 702 babylonica
473 625 629 701 magnifico
653 622 809 702 splendore
831 624 973 700 rigantur.

183 719 247 772 tum
271 710 378 789 quibus
402 713 506 771 aetatis
529 712 604 772 freta
626 713 765 790 primitus
788 713 955 771 insinuatur
1053 731 1113 772 roeo

184 818 299 879 semen,
322 798 374 858 ubi
396 801 461 877 ipsa
483 800 547 859 dies
570 799 712 859 membris
734 805 848 859 matura
871 799 993 877 creavit,

94 903 170 955 1025
183 889 362 947 conveniunt
384 886 541 947 simulacra
565 888 677 947 forise
701 880 824 966 corpore
848 902 979 966 quoque,

95 991 164 1041 1010
183 976 287 1035 nuntia
308 973 454 1053 praeclari
477 974 572 1035 voltus
595 974 769 1053 pulchrique
793 974 914 1053 coloris,

184 1065 235 1141 qui
259 1065 317 1123 ciet
340 1064 466 1123 inritans
489 1061 553 1123 loca
575 1063 693 1140 turgida
716 1064 828 1122 semine
851 1061 957 1140 multo,

182 1157 216 1210 ut
235 1153 319 1230 quasi
339 1153 496 1210 transactis
516 1169 603 1228 saepe
623 1149 751 1210 omnibu'
765 1149 846 1210 rebu'
860 1147 1041 1229 profundant
1054 1169 1111 1210 1000

183 1237 314 1299 fluminis
339 1240 468 1316 ingentis
491 1237 599 1298 fluctus
622 1244 793 1316 vestemque
816 1243 980 1298 cruentent.
1053 1259 1110 1298 roae

112 1340 168 1393 932
184 1345 309 1405 namque
333 1326 405 1386 01100
429 1325 507 1386 aliud
530 1344 579 1386 res
604 1333 767 1386 commovet
790 1332 876 1404 atque
900 1324 1032 1385 lacessit:
1054 1347 1111 1387 roae

96 1429 164 1479 1015
184 1433 220 1474 ex
242 1415 361 1474 homine
382 1415 544 1474 humanum
563 1431 665 1474 semen
684 1415 743 1474 ciet
760 1432 819 1473 una
836 1413 966 1474 hominis
985 1415 1039 1472 vis
1054 1437 1112 1476 roeo

94 1516 168 1568 1030
227 1502 408 1563 Sollicitatur
431 1502 461 1562 id
484 1500 642 1582 coenobis,
665 1501 743 1580 quod
766 1502 894 1561 diximus
917 1506 1000 1580 ante,
1055 1525 1110 1564 rosa

184 1607 298 1670 semen,
322 1589 420 1650 adulta
443 1597 522 1650 aetas
546 1609 613 1650 eum
635 1592 765 1668 primum
787 1589 907 1649 roborat
929 1595 1020 1650 00100.
1054 1613 1112 1653 roos

183 1677 261 1755 quod
286 1676 484 1755 simulatque
508 1673 571 1737 0010
595 1679 722 1738 eiectum
745 1677 864 1737 sedibus
888 1679 961 1758 exit,
1055 1699 1110 1740 1041

94 1780 167 1830 1035
182 1783 237 1843 per
260 1763 393 1824 membra
416 1772 503 1842 atque
527 1771 608 1824 artus
632 1764 748 1824 decedit
771 1783 894 1843 corpore
918 1772 994 1846 toto,

96 1855 214 1917 101010
237 1851 301 1912 1000
324 1854 502 1912 conveniens
526 1870 686 1912 nervorum
709 1859 802 1932 00010,
828 1854 944 1930 cietque

182 1942 323 2000 continuo
345 1942 439 2018 partis
462 1939 598 2018 genitalis
622 1942 755 2019 corporis
779 1943 866 2018 ipsas.

182 2030 302 2088 inritata
324 2035 439 2088 tument
462 2027 526 2088 loca
548 2030 676 2108 semine,
698 2029 789 2106 101000
812 2027 946 2088 voluntas
1052 2050 1107 2092 105

182 2119 279 2176 010000
303 2115 334 2175 id
358 2134 416 2194 quo
440 2134 472 2176 se
496 2116 647 2176 contendit
669 2117 733 2176 dira
755 2112 869 2196 lubido,
1055 2140 1110 2179 1⁰46

93 2219 166 2269 1040
182 2204 270 2284 idque
295 2207 370 2283 petit
393 2222 514 2284 000000,
536 2221 621 2264 mens
643 2204 752 2264 undest
774 2205 873 2264 saucia
896 2221 1011 2263 amore:
1054 2227 1109 2267 roos

94 2305 309 2371 10250010ου0
333 2310 435 2352 omnes
458 2291 632 2370 plerumque
657 2291 764 2351 eadunt
787 2294 818 2351 in
836 2291 953 2371 vulnus,
976 2298 1006 2351 et
1025 2291 1108 2352 illam

183 2382 290 2440 emicat
312 2382 344 2440 in
366 2387 481 2458 partem
505 2381 638 2459 sanguis,
661 2379 739 2439 unde
763 2381 870 2439 icimur
892 2382 967 2459 1010,
1054 2404 1109 2444 1ooo

182 2474 212 2527 et
235 2469 262 2526 si
284 2469 449 2527 comminus
474 2474 532 2546 est,
554 2467 670 2526 hostem
693 2466 783 2526 ruber
807 2475 930 2546 occupat
953 2485 1048 2528 umor.

182 2556 226 2614 sic
249 2556 341 2632 igitur
362 2553 485 2615 Veneris
509 2556 561 2633 qui
583 2554 650 2614 telis
673 2556 780 2632 accipit
803 2556 894 2635 ictus,

95 2656 165 2707 1045
182 2643 244 2713 01γο
267 2659 343 2719 puer
365 2641 508 2702 membris
531 2641 726 2702 muliebribus
748 2642 828 2702 hunc
850 2642 995 2704 iaculatur

95 2746 235 2794 1000000
258 2727 367 2789 mulier
389 2736 450 2789 toto
474 2731 586 2790 iactans
610 2748 625 2789 e
650 2748 773 2808 corpore
797 2747 941 2811 amorem,

181 2817 260 2878 unde
284 2817 403 2896 feritur,
427 2835 462 2876 eo
486 2817 593 2897 tendit,
617 2819 764 2895 gestitque
787 2820 867 2877 coire
1056 2841 1109 2883 root

181 2912 211 2965 et
234 2907 331 2964 iacere
356 2921 490 2964 umorem
513 2907 545 2964 in
568 2923 676 2983 eorpus
700 2903 736 2964 de
760 2923 884 2983 corpore
908 2905 1044 2966 ductum:

182 3010 309 3070 namque
333 2992 511 3070 voluptatem
535 2995 684 3070 praesagit
705 2999 786 3053 muta
809 2993 924 3071 cupido.

95 3092 166 3143 1050
224 3079 303 3140 Ηο00
321 3080 420 3140 Venus
441 3086 487 3139 est
505 3079 603 3139 nobis:
624 3080 694 3140 hinc
712 3087 838 3140 autemst
853 3098 972 3141 momen
986 3085 1109 3164 0100010,

95 3166 251 3229 1035111010
274 3167 367 3228 illaec.
404 3170 534 3247 primum
556 3167 679 3228 Veneris
703 3167 867 3228 dulcedinis
891 3171 922 3228 in
945 3187 997 3229 cor

182 3252 303 3313 stillavit
326 3262 421 3336 gutta,
444 3263 474 3316 et
497 3259 643 3316 successit
665 3256 772 3333 frigida
795 3274 878 3316 eura:
1056 3281 1110 3320 roso

182 3357 250 3398 nam
269 3343 296 3399 si
315 3339 399 3401 abest
418 3342 496 3420 quod
516 3361 594 3423 aves,
611 3350 729 3421 praesto
748 3343 905 3403 simulacra
923 3351 1023 3405 tamen
1039 3354 1109 3407 sunt

182 3425 260 3487 illius
285 3433 315 3486 et
337 3445 445 3489 nomen
470 3429 555 3490 dulce
579 3429 753 3489 obversatur
775 3430 811 3490 ad
834 3433 922 3491 auris,

459 3513 572 3594 [1040
589 3544 631 3566 =
648 3513 741 3577 1034.
