2512 3874
114 183 176 249 186
594 181 634 234 vi

183 331 280 390 omnia
303 348 377 409 qnae
400 331 493 390 maria
516 348 549 390 ac
572 335 667 389 terras
691 333 890 407 sparguntque
913 327 1089 407 rigantque;

139 411 143 418 ’
181 417 254 478 adde
279 436 348 478 suos
371 419 473 478 lentis:
496 424 595 477 tamen
619 417 654 477 ad
677 417 767 476 maris
790 417 888 486 omnia
910 431 1057 474 summam

182 507 275 585 guttai
297 507 345 566 vix
367 507 461 565 instar
483 511 571 565 erunt
593 499 682 565 unius
705 504 881 582 adaugmen3

112 610 163 660 535
183 612 241 672 quo
259 596 358 654 minus
377 600 423 653 est
440 595 550 654 mirmn
567 611 649 653 mare
667 610 726 652 non
741 607 899 668 augescere
913 607 1061 668 magnum.
1082 611 1128 653 aaa

111 689 166 740 616
182 689 335 762 praeterea
357 699 493 759 magnam
516 680 560 742 sol
582 687 696 760 partem
719 678 847 739 detrahit
870 684 962 738 aestu.

183 772 291 850 quippe
314 769 448 830 videmus
472 771 551 830 enim
573 771 665 829 vestis
687 785 790 828 umore
813 766 959 827 madentis

182 860 331 918 exsiccare
355 860 417 918 suis
440 857 532 918 radiis
555 854 718 917 ardentibu'
742 853 846 915 solem:

181 953 211 1005 at
232 944 335 1024 pelage
357 945 450 1006 multa
472 953 503 1006 et
524 944 581 1006 late
605 944 752 1005 substrata
774 942 916 1002 videmus.

111 1050 164 1099 540
182 1032 306 1113 proinde
329 1032 399 1095 licet
421 1036 554 1112 quamvis
577 1052 613 1094 ex
636 1050 695 1093 uno
719 1049 836 1110 quoque
859 1029 923 1090 loco
946 1027 991 1090 sol
1081 1053 1126 1093 550

111 1129 166 1180 621
182 1123 293 1181 umoris
315 1139 434 1200 parram
457 1121 567 1182 delibet
589 1121 625 1181 ab
649 1138 776 1199 aequore
799 1125 925 1198 partem:

181 1207 302 1287 largiter
324 1212 355 1269 in
378 1216 459 1270 tanto
483 1211 578 1289 spatio
600 1216 699 1270 tamen
722 1208 835 1269 auferet
856 1206 954 1267 undis.

182 1304 245 1357 tum
267 1315 356 1377 porro
379 1300 462 1358 venti
484 1315 600 1376 quoque
622 1315 758 1375 magnam
780 1294 884 1356 tollere
906 1300 1022 1374 partem

183 1387 295 1446 umoris
317 1393 442 1464 possunt
464 1393 616 1446 verrentes
639 1402 779 1464 aequora,
801 1384 897 1443 ventis

111 1487 163 1536 545
181 1491 239 1533 uua
262 1481 348 1534 nocte
370 1476 432 1534 vias
455 1476 594 1552 quoniam
615 1491 758 1552 persaepe
780 1472 914 1532 videmus
1078 1492 1126 1534 aas

111 1565 169 1617 626
181 1563 287 1621 siccari
309 1561 464 1640 mollisque
487 1561 543 1623 luti
565 1579 756 1622 concrescere
779 1567 903 1621 crustas.

181 1655 335 1727 praeterea
357 1649 445 1710 docui
468 1649 593 1711 multum
616 1667 732 1728 quoque
754 1647 859 1709 tollere
882 1646 977 1707 nubes

182 1754 316 1796 umorem
338 1755 444 1814 magno
467 1743 642 1816 conceptum
665 1755 701 1796 ex
724 1754 851 1816 aequore
874 1737 971 1816 ponti,

183 1830 212 1883 et
233 1825 345 1903 passim
367 1831 428 1884 toto
451 1831 598 1885 terrarum
620 1843 761 1904 spargere
783 1828 815 1885 iu
838 1823 915 1903 orbi,

30 1931 34 1942 ·
111 1926 163 1976 550
183 1929 250 1972 cum
272 1910 348 1990 pluit
370 1914 402 1971 in
424 1914 513 1972 terris
537 1920 566 1973 et
588 1915 670 1973 venti
692 1912 793 1974 nubila
815 1918 940 1992 portant.
1075 1935 1124 1976 550

112 2006 164 2057 631
180 2006 331 2079 postremo
355 2003 492 2078 quoniam
515 2019 582 2060 raro
606 2020 674 2062 cum
697 2019 820 2079 corpore
843 1998 930 2061 tellus

183 2095 241 2169 est,
264 2095 294 2148 et
316 2091 500 2149 coniunctast
523 2091 585 2150 oris
607 2092 712 2169 maris,
734 2089 866 2167 undique
890 2090 1025 2169 cingens,

182 2175 283 2258 debet,
305 2179 392 2237 utin
414 2195 495 2237 mare
519 2176 555 2237 de
578 2181 667 2238 terris
689 2179 771 2237 venit
791 2195 880 2238 umor
902 2177 1000 2256 aquai,

135 2263 150 2297 ·
182 2267 214 2325 in
236 2273 331 2326 terras
354 2264 457 2325 itidem
478 2282 598 2325 manare
623 2283 659 2325 ex
682 2283 809 2344 aequore
833 2262 924 2324 salso:

111 2367 163 2418 555
180 2353 350 2433 percolatur
370 2355 450 2413 enim
473 2355 568 2433 virus,
591 2360 730 2432 retroque
753 2360 886 2414 remanat
1077 2376 1124 2420 555

111 2446 167 2499 636
183 2443 321 2501 materies
344 2443 456 2501 umoris
479 2448 509 2501 et
532 2441 568 2501 ad
591 2448 679 2521 caput
700 2441 836 2502 amnibus
861 2444 957 2502 omnis

182 2527 321 2608 confluit,'
340 2529 408 2589 inde
432 2547 522 2609 super
544 2536 640 2590 terras
663 2529 740 2590 redit
762 2531 879 2608 agmine
901 2529 981 2590 dulci

182 2634 240 2694 qua
261 2618 308 2675 via
331 2623 412 2678 secta
434 2616 527 2678 semel
549 2617 661 2696 liquido
684 2618 759 2696 pede
783 2616 887 2678 detulit
908 2618 1011 2679 undas,
1076 2641 1123 2684 555

111 2709 165 2760 535
225 2702 310 2762 Nunc
333 2721 400 2783 age,
423 2723 498 2783 quae
521 2707 596 2766 ratio
619 2708 712 2766 terrai
733 2705 863 2766 motibus
886 2712 966 2766 extet
1076 2730 1124 2772 555

110 2805 163 2856 500
180 2792 310 2870 percipe.
347 2797 377 2850 et
399 2793 431 2851 in
453 2795 558 2870 primis
580 2800 691 2854 terram
713 2794 758 2854 sao
781 2801 815 2853 ut
837 2811 904 2854 esse
926 2797 1021 2855 rearis

182 2885 284 2959 supter
306 2879 379 2938 item
401 2886 435 2939 ut
458 2897 565 2959 supera
586 2884 716 2942 ventosis
739 2881 869 2959 undique
892 2880 1009 2960 plenam

182 2965 344 3047 speluncis,
366 2965 534 3044 multosque
555 2966 638 3028 lacus
660 2968 824 3047 multasque
848 2968 968 3031 lacunas

181 3057 212 3113 in
235 3056 348 3132 gremio
372 3072 475 3132 gerere
499 3060 529 3114 et
551 3072 641 3132 rupes
664 3055 845 3135 deruptaque
870 3075 952 3118 saxa:

110 3148 166 3199 540
181 3140 330 3220 multaque
354 3141 409 3202 suh
433 3149 515 3220 tergo
538 3144 630 3201 terrai
651 3142 773 3204 llumina
793 3153 871 3207 tecta
1078 3169 1125 3212 noo

111 3245 162 3294 555
181 3227 305 3289 volvere·
319 3231 349 3290 vi
372 3229 479 3290 lluctus
502 3247 724 3309 summersaque
748 3250 816 3292 saxa
838 3235 1043 3313 putandumst:

181 3315 311 3391 undique
335 3319 414 3376 enim
438 3317 565 3377 similem
588 3335 654 3378 esse
678 3320 725 3379 sui
748 3337 795 3380 res
818 3321 947 3398 postulat
970 3324 1044 3400 ipsa.

180 3402 227 3461 his
250 3402 341 3477 igitur
363 3401 453 3464 rebus
477 3403 642 3465 subiunctis
666 3408 886 3486 suppositisque

180 3495 260 3548 terra
283 3505 411 3566 superne
433 3494 535 3552 tremit
556 3494 670 3570 magnis
693 3511 836 3555 concussa
859 3498 968 3577 ruinis,
