2512 3874
119 177 125 186 ’
151 232 215 298 000
637 230 663 285 v

2 3694 145 3846 k.

238 397 306 439 cum
328 385 426 438 metus
449 385 499 438 aut
518 377 601 438 dolor
619 385 665 438 est
684 384 713 438 et
731 395 799 437 cum
817 379 876 437 iam
895 377 999 456 gaudia
1018 376 1165 456 gliscunt.

149 475 225 527 1060
238 469 348 546 quippe
372 468 481 527 etenim
503 465 574 526 licet
595 466 627 526 id
649 464 739 526 rebus
763 483 943 544 cognoscere
965 467 1085 544 apertis.

151 570 219 622 1050
238 557 357 616 inritata
380 571 485 614 canum
509 555 727 632 cumprimum
750 571 855 632 magna
876 553 1037 614 Molossum

238 642 337 703 mollia
359 645 434 702 ricta
456 643 587 701 fremunt
609 641 699 702 duros
722 641 863 702 nudantia
886 642 1002 721 dentes,

239 731 325 809 longe
348 730 405 791 alio
429 732 528 790 sonitu
550 728 632 789 rabie
655 732 792 789 restricta
814 731 977 810 minantur,
1108 751 1166 792 rosc

239 827 269 880 et
292 838 360 880 cum
381 821 440 877 iam
463 817 570 877 latrant
593 824 622 877 et
644 815 766 876 vocibus
789 820 888 876 omnia
912 816 1071 896 complent:

151 915 224 966 1065
238 914 268 966 et
291 904 402 966 catulos
424 904 531 965 blande
555 923 622 965 oum
645 904 743 983 lingua
766 903 896 966 lambere
919 912 1076 986 temptant,

153 1011 221 1061 1055
241 1001 290 1055 aut
313 993 365 1054 ubi
387 1010 438 1053 000
461 995 570 1053 iactant
592 992 718 1071 pedibus
741 1011 901 1072 morsuque
924 1000 1059 1071 petentes

240 1083 392 1160 suspensis
414 1099 500 1141 veros
523 1082 677 1141 imitantur
698 1081 837 1141 dentibus
859 1082 996 1162 haustus,

239 1169 326 1248 longo
349 1169 405 1230 alio
428 1175 513 1248 pacto
537 1171 658 1247 gannitu
681 1172 761 1230 vocis
784 1169 916 1250 adulant,
1108 1195 1165 1235 1000

241 1265 271 1319 et
294 1275 361 1317 cum
384 1256 495 1318 deserti
517 1256 682 1318 baubantur
704 1260 736 1318 in
759 1257 896 1339 aedibus,
919 1265 969 1318 aut
991 1276 1060 1318 cum

150 1354 225 1404 1070
240 1345 384 1425 plorantis
406 1346 522 1424 fugiunt
546 1348 703 1406 summisso
727 1364 851 1424 corpore
874 1345 981 1424 plagas.

153 1450 221 1500 1060
241 1435 369 1512 denique
391 1451 451 1494 non
472 1433 606 1494 hinnitus
628 1436 699 1494 item
726 1433 846 1494 diiierre
869 1434 998 1514 videtur,

240 1525 320 1583 inter
342 1539 432 1600 equas
455 1521 508 1581 ubi
530 1539 623 1600 equus
646 1521 765 1581 llorenti
788 1528 881 1581 aetate
905 1523 1047 1582 iuvencus

240 1611 389 1689 pinnigeri
412 1610 504 1669 saevit
526 1608 689 1669 calcaribus
713 1611 790 1669 ictus
813 1611 923 1669 amoris
1109 1633 1164 1675 rora
1251 1673 1252 1688 q

242 1705 271 1758 ct
294 1698 445 1757 fremitum
467 1695 575 1775 patulis
598 1697 640 1756 ibi
662 1697 784 1758 naribus
807 1697 869 1757 edit
891 1697 927 1757 ad
951 1716 1045 1779 arma,
1251 1691 1252 1696 ’

152 1792 225 1844 1075
242 1793 271 1847 00
294 1802 362 1845 cum
385 1786 428 1843 sic
451 1783 523 1842 alias
546 1786 700 1844 concussis
723 1784 837 1845 artibus
859 1783 978 1846 hinnit?

154 1890 222 1939 1005
240 1879 390 1952 postremo
414 1889 507 1949 genus
529 1869 651 1931 alituum
673 1874 829 1950 variaeque
852 1872 1000 1954 volucres,

241 1962 396 2039 accipitres
419 1966 506 2037 atque
530 1959 689 2037 ossifragae
712 1961 864 2038 mergique
887 1963 1011 2021 marinis

240 2048 380 2110 fluctibus
402 2049 434 2107 in
458 2046 534 2106 salso
557 2049 667 2108 victum
688 2049 837 2125 vitamque
859 2055 1008 2130 petenteS,
1109 2073 1163 2114 1000

241 2136 327 2216 longe
350 2135 422 2196 alias
446 2134 502 2195 alio
525 2137 637 2196 iaciunt
658 2138 690 2196 in
712 2143 845 2215 tempore
868 2155 969 2218 voces,

153 2233 227 2284 1080
242 2232 271 2286 et
294 2243 383 2304 quom
406 2223 442 2283 de
465 2225 544 2284 victu
568 2231 681 2284 certant
703 2224 870 2303 praedaque
893 2231 1072 2304 repugnant:

154 2331 223 2379 1010
242 2320 272 2374 et
293 2314 401 2391 partim
424 2318 539 2372 mutant
562 2330 629 2386 cum
651 2312 875 2390 tempestatibus
898 2331 958 2373 una

241 2403 413 2461 raucisonos
436 2406 554 2479 cantus,
576 2402 728 2460 cornicum
750 2407 785 2460 ui
807 2399 903 2460 saecla
924 2407 1040 2461 vetusta

242 2505 456 2565 corvorumque
475 2504 580 2565 greges
598 2486 650 2547 ubi
668 2505 773 2565 aquam
790 2487 930 2549 dicuntur
944 2495 974 2549 et
987 2487 1092 2549 imbris
1108 2512 1161 2554 1000

241 2594 365 2655 poscere
389 2582 418 2634 et
441 2575 589 2635 interdum
612 2581 716 2634 ventos
739 2593 884 2654 aurasque
907 2594 1021 2637 vocare.

154 2670 228 2722 1085
242 2681 312 2741 ergo
337 2665 363 2722 si
384 2665 459 2722 varii
482 2681 586 2723 sensus
610 2661 745 2723 animalia
768 2671 889 2744 cogunt,

156 2768 222 2817 1075
241 2757 324 2812 muta
345 2756 444 2810 tamen
467 2769 536 2811 cnm
558 2751 630 2831 sint,
653 2751 748 2810 varias
772 2753 907 2812 emittere
929 2770 1030 2833 voces,

243 2844 351 2917 quanto
374 2837 507 2896 mortalis
530 2841 623 2915 magis
646 2846 803 2917 aequumst
823 2847 887 2899 tum
909 2843 1043 2919 potuisse

242 2924 396 2986 dissimilis
419 2924 474 2985 alia
498 2932 584 3003 atque
608 2924 663 2985 alia
686 2943 735 2985 res
758 2944 829 2986 voce
853 2925 968 2988 notare!
1110 2953 1161 2994 roeo

285 3007 382 3096 lllllud
406 3014 437 3072 in
460 3012 507 3072 bis
530 3010 619 3072 rebus
642 3015 749 3073 tacitus
772 3031 809 3074 ne
832 3014 909 3075 forte
930 3016 1082 3097 requiraS,

154 3109 227 3159 1000
241 3101 353 3160 fulmen
376 3099 482 3160 detulit
503 3101 534 3158 in
556 3106 667 3160 terram
689 3100 865 3161 mortalibus
887 3103 985 3181 ignem

155 3203 223 3252 1080
242 3190 394 3265 primitus,
416 3187 485 3247 inde
509 3189 604 3247 omnis
627 3187 810 3249 flammarum
833 3189 944 3250 diditur
966 3191 1069 3252 ardor:

242 3273 334 3332 multa
356 3274 490 3334 videmus
514 3275 594 3334 enim
617 3274 793 3336 caelestibus
816 3276 900 3337 inlita
922 3277 1049 3340 flammis

243 3359 370 3440 fulgere,
393 3380 461 3421 oum
484 3361 557 3422 caeli
580 3361 697 3422 donavit
719 3363 804 3442 plaga
826 3383 941 3443 vapore.
1112 3391 1160 3433 roos

244 3453 274 3505 et
296 3464 412 3507 ramosa
434 3455 534 3509 tamen
557 3467 623 3508 cum
646 3453 742 3510 ventis
765 3451 850 3529 pulsa
872 3452 1011 3514 vacillans

155 3541 228 3592 1095
243 3539 356 3593 aestuat
378 3536 410 3593 in
432 3553 530 3595 ramos
554 3536 729 3598 incumbens
752 3539 866 3600 arboris
889 3539 990 3623 arbor,
