2500 3882
101 227 142 290 38
584 227 610 280 II

167 380 383 452 nocturnasque
407 375 485 435 laces
509 374 582 435 caeli
605 373 729 434 sublime
752 372 876 433 volantis

167 479 264 522 nonne
287 463 369 523 rides
393 461 494 540 longos
517 462 700 523 flammarum
723 461 832 522 ducere
854 468 966 522 tractus

167 551 199 609 in
222 569 420 629 quascumque
444 549 526 610 dedit
547 553 640 629 partis
662 557 764 611 natura
793 546 943 610 meatum?

167 656 226 698 non
249 638 353 699 cadere
377 641 408 698 in
431 646 542 699 terram
565 638 663 698 stellas
687 645 717 698 et
740 637 837 698 sidera
860 634 982 697 cernis?

98 733 150 782 210
169 726 213 786 sol
236 729 324 786 etiam
346 723 422 788 caeli
445 726 480 786 de
503 729 613 788 vertice
636 726 760 804 dissipat
783 728 880 785 omnis

168 813 305 874 ardorem
327 816 358 873 in
380 817 473 893 partis
496 821 526 874 et
548 814 659 875 lumine
683 815 812 875 conserit
835 831 915 894 arva:

167 904 200 962 in
221 907 316 962 terras
339 904 430 980 igitur
453 921 569 981 quoque
593 903 663 962 solis
686 904 817 980 vergitur
839 902 934 961 ardor.

166 996 409 1069 transversosque
432 989 530 1050 volare
553 1009 607 1069 per
629 989 733 1050 imbris
757 990 879 1050 fulmina
902 986 1014 1069 cernis,

168 1095 246 1138 nunc
267 1077 338 1138 hinc
360 1097 438 1139 nunc
461 1078 541 1138 illinc
565 1077 681 1156 abrupti
708 1077 835 1138 nubibus
858 1081 942 1156 ignes

99 1171 149 1221 215
169 1173 357 1226 concursant:
381 1167 459 1226 cadit
481 1168 512 1225 in
534 1172 629 1226 terras
652 1169 696 1226 vis
718 1166 853 1227 llammea
875 1165 967 1243 volgo.

212 1253 287 1314 lllud
310 1256 341 1314 in
362 1255 409 1314 his
433 1272 549 1333 quoque
572 1261 602 1314 te
624 1253 714 1315 rebus
738 1272 916 1332 cognoscere
939 1271 1074 1335 avemus,

169 1360 291 1420 corpora
314 1361 381 1403 cum
405 1343 543 1403 deorsum
565 1349 680 1403 rectum
703 1361 757 1421 per
780 1345 866 1402 inane
889 1341 1026 1402 feruntur

167 1429 349 1508 ponderibus
372 1433 514 1512 propriis,
537 1433 650 1491 incerto
674 1437 805 1508 tempore
829 1431 921 1490 ferme

168 1520 348 1597 incertisque
371 1519 445 1578 locis
468 1520 561 1598 spatio
585 1518 732 1596 depellere
756 1517 889 1597 paulurn,

99 1611 150 1660 220
168 1612 282 1666 tantum
305 1605 382 1685 quod
406 1623 513 1666 nomen
535 1613 680 1667 mutatum
703 1605 801 1666 dicere
824 1608 929 1685 possis

170 1694 328 1772 quodnisi
352 1693 498 1754 declinare
522 1693 663 1775 solerent,
687 1697 784 1754 omnia
807 1694 946 1754 deorsum

169 1781 273 1841 imbris
296 1783 340 1841 uti
362 1787 460 1859 guttae
484 1782 623 1842 caderent
644 1800 698 1860 per
720 1785 806 1843 inane
829 1781 1007 1860 profundum

169 1887 224 1929 nec
247 1869 323 1928 foret
344 1869 474 1930 offensus
497 1876 582 1930 natus
605 1888 660 1930 nec
682 1870 765 1950 plaga
789 1877 886 1930 creata

169 1958 336 2035 principiis:
360 1959 401 2017 ita
423 1957 466 2016 nil
488 1976 627 2035 umquam
649 1965 752 2018 natura
775 1965 912 2018 creasset.

99 2050 150 2101 225
222 2045 306 2116 Quod
330 2047 355 2104 si
378 2046 452 2106 forte
476 2045 582 2124 aliquis
606 2046 700 2107 credit
723 2049 855 2124 graviora
877 2052 996 2124 potesse

169 2152 306 2213 corpora,
329 2152 387 2211 quo
411 2135 498 2194 citius
521 2141 635 2194 rectum
657 2152 711 2213 per
734 2137 821 2194 inane
845 2135 990 2214 ferantur,

169 2221 299 2282 incidere
323 2240 358 2281 ex
382 2240 490 2300 supero
513 2221 672 2282 levioribus
695 2229 782 2301 atque
805 2225 845 2282 ita
868 2222 967 2301 plagas

169 2313 302 2390 gignere,
325 2328 399 2388 quae
422 2313 537 2388 possint
560 2309 695 2388 genitalis
717 2310 841 2370 reddere
864 2317 974 2391 motus,

170 2401 250 2458 avius
274 2416 290 2458 a
312 2416 380 2457 vera
403 2398 487 2476 longe
511 2400 624 2458 ratione
647 2398 767 2458 recedit.
878 2412 880 2416 ’

97 2491 151 2541 230
169 2503 236 2546 nam
259 2503 313 2563 per
335 2504 425 2563 aquas
448 2504 649 2565 quaecumque
669 2486 776 2546 cadunt
794 2493 881 2564 atque
904 2491 973 2546 adra
991 2505 1103 2569 rarum,

168 2573 241 2633 haec
263 2591 317 2650 pro
340 2573 520 2651 ponderibus
544 2591 629 2635 casus
653 2573 781 2634 celerare
804 2581 955 2635 necessest

168 2666 325 2740 propterea
347 2663 416 2738 quia
438 2679 546 2740 corpus
569 2680 661 2741 aquae
683 2669 844 2740 naturaque
867 2663 963 2722 tenvis

169 2750 247 2808 aeris
269 2748 340 2808 haut
361 2757 486 2827 possunt
508 2769 600 2828 aeque
623 2768 687 2810 rem
710 2768 856 2828 quamque
878 2751 1002 2830 morari,

169 2836 221 2897 sed
245 2838 331 2896 citius
355 2837 463 2897 cedunt
485 2837 668 2915 gravioribus
692 2845 878 2916 exsuperata:

96 2932 149 2981 235
169 2932 198 2986 at
221 2932 321 2985 contra
344 2924 418 2985 nulli
440 2926 476 2985 de
499 2925 578 2987 nulla
604 2932 687 3004 parte
710 2944 806 3004 neque
829 2926 888 2986 ullo

168 3020 300 3092 tempore
323 3015 410 3074 inane
433 3020 529 3092 potest
554 3033 678 3074 vacuum
702 3013 863 3074 subsistere
886 3016 943 3095 rei,

170 3104 254 3182 quin,
278 3120 330 3162 sua
353 3102 431 3181 quod
454 3108 558 3162 natura
581 3105 667 3182 petit,
691 3102 852 3172 concedere
875 3109 990 3183 pergat3

169 3191 268 3249 omnia
291 3196 469 3269 quapropter
492 3189 601 3250 debent
625 3193 787 3267 perinane
811 3193 944 3268 quietum

168 3293 261 3354 aeque
283 3277 464 3355 ponderibus
488 3295 546 3337 non
570 3280 671 3356 aequis
694 3279 808 3338 concita
831 3278 911 3338 lerri.

96 3370 150 3420 240
167 3362 246 3423 haud
269 3365 359 3440 igitur
381 3371 521 3443 poterunt
543 3364 702 3426 levioribus
725 3365 856 3426 incidere
879 3384 1019 3445 umquam

169 3469 205 3510 ex
229 3467 336 3527 supero
360 3454 493 3528 graviora
514 3470 610 3531 neque
634 3455 710 3512 ictus
734 3455 854 3531 gignere
877 3472 930 3532 per
952 3470 996 3534 se,

170 3539 221 3618 qui
243 3537 357 3596 varient
379 3545 490 3618 motus,
512 3558 566 3618 per
590 3558 664 3618 quos
687 3547 791 3600 natura
814 3549 897 3619 gerat
919 3559 976 3602 res.
