2500 3882
564 233 603 286 IV

78 396 133 446 385
152 380 307 440 desierunt
330 379 418 458 verti,
441 380 488 437 vix
513 381 626 440 utiam
650 381 771 440 credere
794 382 909 459 possint

77 484 212 535 40111011
236 485 326 544 supra
349 483 415 525 sese
438 484 526 528 ruere
550 470 648 528 omnia
670 475 748 529 tecta
770 470 886 528 minari.

153 558 271 633 iamque
294 553 419 613 rubrum
441 555 577 616 tremulis
601 553 686 616 iubar
709 555 827 634 ignibus
851 559 966 635 erigere
990 557 1046 617 alte

153 662 221 703 cum
245 648 361 721 coeptat
383 648 487 702 natura
511 661 658 723 supraque
682 643 822 704 extollere
844 650 975 725 montes,
1053 667 1094 708 101

154 749 229 809 quos
251 730 307 790 tibi
329 736 393 791 tum
417 747 506 808 supra
530 730 574 790 sol
598 733 708 792 montis
732 750 798 792 esse
817 732 934 793 videtur

78 836 133 886 390
153 820 319 879 comminus
341 820 406 896 ipse
429 836 483 878 suo
507 821 682 898 contingens
704 820 835 880 fervidus
858 821 933 901 igni,

76 923 136 975 406
151 909 200 966 vix
223 905 331 966 absunt
352 905 438 966 nobis
461 909 572 967 missus
594 907 641 967 bis
663 907 744 968 mille
768 909 904 989 sagittae,

152 997 202 1054 vix
226 996 314 1054 etiam
337 1011 442 1054 cursus
467 997 644 1074 quingentos
667 1013 754 1075 saepe
777 997 886 1056 veruti:

152 1085 305 1142 intereos
329 1081 479 1160 solemque
502 1085 600 1144 iacent
622 1085 760 1144 immania
783 1086 867 1162 ponti
1053 1109 1094 1148 410

153 1187 282 1248 aequora
305 1169 453 1230 substrata
476 1171 615 1232 aetheriis
639 1172 808 1249 ingentibus
832 1174 906 1252 oris,
1075 1178 1077 1185 '

78 1277 133 1326 395
154 1259 368 1336 interiectaque
392 1264 461 1318 sunt
483 1267 631 1319 terrarum
654 1260 734 1320 milia
756 1259 861 1339 multa,

77 1364 135 1414 411
154 1363 228 1424 quae
252 1347 349 1405 variae
372 1347 502 1406 retinent
525 1354 627 1424 gentes
652 1354 681 1407 et
704 1347 799 1407 saecla
821 1347 960 1407 serarum.

153 1441 184 1494 at
207 1433 358 1494 conlectus
381 1451 473 1511 aquae
496 1434 622 1512 digitum
644 1453 705 1495 non
728 1434 814 1495 altior
836 1453 942 1516 unum,

155 1524 207 1601 qui
230 1519 341 1600 lapides
364 1523 442 1581 inter
465 1524 544 1583 sistit
565 1541 620 1601 per
644 1529 734 1583 strata
757 1524 883 1603 viarum,
1053 1546 1093 1587 415

154 1610 329 1688 despectum
350 1608 473 1687 praebet
497 1609 551 1671 sub
574 1617 669 1672 terras
693 1613 793 1689 inpete
816 1616 912 1691 tauto,

77 1717 134 1765 400
155 1717 171 1758 a
194 1699 283 1758 terris
307 1703 449 1775 quantum
472 1696 546 1758 caeli
567 1705 648 1777 patet
671 1698 746 1759 altus
769 1698 881 1779 hiatus3

78 1803 136 1854 416
154 1784 255 1846 nubila
277 1784 431 1864 despicere
454 1792 485 1845 et
508 1785 601 1846 solem
623 1793 657 1847 ut
679 1787 797 1847 videare
819 1786 920 1846 ridere

581 1893 599 1932 1

154 1978 279 2040 corpora
301 1956 462 2039 †miraude
486 1961 540 2022 sub
563 1968 658 2022 terras
681 1961 780 2022 abdita
802 1961 884 2022 caeli.

155 2049 283 2127 denique
306 2047 359 2108 ubi
381 2050 413 2108 in
435 2049 533 2109 medio
557 2049 643 2110 nobis
666 2068 761 2128 equus
784 2068 854 2109 acer
876 2048 1008 2109 obhaesit
1053 2072 1093 2111 110

155 2138 276 2197 flumine
300 2142 330 2195 et
352 2138 384 2196 in
405 2137 523 2216 rapidas
546 2139 640 2197 amnis
664 2137 851 2216 despeximus
874 2136 982 2217 undas,

77 2243 134 2295 405
156 2226 261 2286 stantis
285 2226 355 2302 equi
377 2242 484 2304 corpus
507 2232 709 2285 transversum
731 2224 810 2284 serre
833 2223 950 2283 videtur

77 2316 199 2384 421vis
223 2318 253 2372 et
275 2314 306 2372 in
329 2311 485 2373 adversum
508 2313 618 2373 [lumen
642 2312 818 2372 contrudere
841 2313 962 2392 raptim,

156 2409 187 2462 et
210 2417 396 2479 quocumque
419 2400 520 2461 oculos
543 2402 715 2460 traiecimus
741 2400 839 2459 omnia
861 2398 935 2460 ierri

155 2497 187 2550 et
209 2489 301 2550 ssuere
325 2488 454 2549 adsimili
475 2487 562 2549 uobis
585 2491 699 2548 ratione
722 2486 867 2572 ridentur.
1053 2511 1094 2551 us

154 2579 288 2658 porticus
311 2575 427 2655 aequali
450 2578 583 2654 quamvis
605 2584 651 2637 est
674 2575 801 2653 denique
825 2575 916 2636 ductu

78 2685 135 2733 410
156 2671 296 2744 stansque
320 2666 352 2724 in
373 2671 551 2744 perpetuum
572 2663 695 2744 paribus
719 2661 837 2724 suffulta
860 2663 1018 2745 columniS,

78 2771 138 2822 426
155 2753 243 2830 longa
264 2760 364 2812 tamen
385 2760 470 2831 parte
492 2752 528 2813 ab
552 2771 667 2812 summa
689 2770 757 2812 cum
779 2758 841 2812 tota
864 2751 992 2833 videtur,

154 2839 296 2920 paulatim
318 2840 409 2901 trahit
431 2842 548 2919 angusti
570 2841 687 2918 fastigia
709 2842 777 2900 coni

155 2935 235 2990 tecta
257 2927 320 2988 solo
342 2930 468 3006 iungens
490 2935 578 3006 atque
602 2929 700 2989 omnia
723 2928 843 2988 dextera
865 2927 955 2987 laevis
1053 2950 1094 2990 110

156 3017 251 3077 donec
273 3018 305 3076 iu
328 3015 487 3077 obscurum
510 3018 578 3076 coni
600 3016 743 3076 conduxit
764 3032 896 3075 acumen.

79 3123 136 3172 415
156 3108 189 3165 iu
211 3103 315 3183 pelago
338 3107 436 3165 nautis
459 3123 494 3164 ex
518 3104 606 3164 undis
630 3111 713 3164 ortus
736 3105 768 3163 in
790 3101 878 3163 undis

79 3211 136 3262 431
155 3193 201 3254 sol
223 3193 257 3253 tit
278 3194 323 3252 uti
344 3193 479 3253 videatur
502 3191 584 3252 obire
609 3199 638 3252 et
661 3191 789 3252 condere
812 3189 926 3270 lumen3
965 3225 968 3228 -

157 3283 267 3360 quippe
289 3279 342 3341 ubi
364 3280 407 3341 nil
429 3280 508 3341 aliud
531 3281 589 3340 nisi
613 3298 718 3358 aquam
742 3277 913 3356 caelumque
937 3285 1071 3358 tuentur3

155 3387 193 3430 ne
218 3367 322 3429 leviter
345 3368 448 3428 credas
470 3368 641 3428 labefactari
662 3367 795 3444 undique
819 3383 931 3426 sensus.
1054 3387 1095 3428 css

154 3465 186 3518 at
207 3459 299 3534 maris
322 3459 432 3534 ignaris
455 3458 487 3516 iu
509 3463 598 3534 portu
620 3453 723 3515 clauda
745 3452 882 3513 videntur

78 3564 135 3614 420
154 3547 271 3624 navigia
294 3544 433 3624 aplustris
457 3544 558 3604 fractis
581 3542 711 3604 obnitier
733 3541 837 3601 undae.
889 3613 891 3618 ι
