2500 3882
111 219 153 286 58
595 219 622 272 Π

110 382 166 434 935
180 385 239 427 non
263 368 329 427 lieri
350 373 467 444 partum
490 367 550 426 nisi
573 365 697 426 concilio
721 371 787 425 ante
810 371 923 444 coacto,

181 473 236 515 nec
260 457 416 534 quicquam
440 457 615 514 commutari
636 456 700 514 sine
724 452 888 514 conciliatu.

182 536 192 626 ll
204 544 350 622 principio
375 549 525 621 nequeunt
547 541 636 602 ullius
659 543 792 620 corporis
815 559 880 601 esse

113 647 164 696 935
184 649 288 692 sensus
312 636 379 690 ante
402 632 497 708 ipsam
519 632 647 708 genitam
668 636 803 690 naturam
826 630 996 709 animantis,

182 721 337 798 nimirum,
360 719 429 795 quia
450 720 588 778 materies
611 717 734 778 disiecta
755 723 873 777 tenetur

113 811 248 873 9495915
272 803 442 866 {luminibus
464 807 554 864 terris
576 812 713 884 terraque
736 807 857 885 creatis,

183 912 238 954 neo
261 910 419 970 congressa
440 893 527 952 modo
550 893 631 953 vitali
654 895 860 953 convenientes

184 980 308 1042 contulit
330 983 408 1040 inter
431 998 462 1041 se
485 987 596 1061 motus,
621 980 728 1059 quibus
752 982 949 1041 omnituentes

115 1086 166 1135 949
185 1070 302 1129 accensi
325 1086 431 1129 sensus
454 1071 633 1129 animantem
656 1087 800 1148 quamque
823 1063 981 1146 mentuali

229 1156 383 1217 Praeterea
407 1159 538 1236 quamvis
561 1159 740 1217 animantem
763 1155 901 1234 grandior
922 1158 999 1215 ictus

114 1260 169 1312 945
186 1262 273 1324 quam
295 1247 407 1324 patitur
429 1252 546 1326 natura,
568 1252 689 1323 repente
714 1243 825 1322 adlligit
848 1250 878 1304 et
900 1245 995 1303 omnis

186 1335 320 1412 corporis
343 1340 430 1412 atque
454 1334 544 1393 animi
566 1335 664 1412 pergit
685 1332 864 1393 confundere
888 1349 1002 1391 sensus.

186 1421 391 1482 dissoluuntur
413 1423 492 1481 enim
515 1423 664 1501 positurae
686 1422 912 1500 principiorum,

116 1525 167 1574 945
187 1516 216 1570 et
238 1512 356 1589 penitus
379 1516 476 1570 motus
498 1509 601 1569 vitales
624 1509 827 1589 inpediuntur,

188 1597 281 1658 donec
302 1599 455 1678 materies,
478 1599 574 1657 omnis
598 1615 741 1656 concussa
763 1614 816 1675 per
839 1603 932 1676 artus,

116 1699 171 1751 950
188 1684 285 1745 vitalis
308 1686 422 1745 animae
444 1685 537 1744 nodos
561 1703 577 1744 a
599 1703 722 1764 corpore
745 1684 832 1745 solvit

188 1772 408 1850 dispersamque
432 1772 510 1832 loras
532 1790 588 1851 per
609 1772 707 1833 caulas
730 1775 818 1833 eiecit
841 1774 949 1832 omnis:

187 1878 255 1919 nam
278 1859 348 1938 quid
370 1867 523 1939 praeterea
545 1860 642 1921 lacere
665 1863 756 1921 ictum
778 1877 865 1939 posse
888 1878 1007 1920 reamur

119 1960 169 2010 959
189 1947 330 2027 oblatum,
353 1948 412 2007 nisi
435 1948 583 2009 discutere
607 1966 640 2008 ac
663 1947 823 2009 dissolvere
847 1944 1002 2027 quaeque?

188 2037 222 2095 fit
245 2052 361 2113 quoque
384 2037 429 2096 uti
452 2036 564 2096 soleant
586 2038 685 2096 minus
708 2035 804 2096 oblato
828 2038 935 2096 acriter
956 2038 1018 2096 ictu

118 2136 173 2188 955
188 2122 293 2184 relicui
315 2129 412 2183 motus
434 2123 530 2184 vitalis
552 2126 671 2184 vincere
694 2142 794 2205 saepe,
1081 2137 1129 2179 ess

188 2213 307 2272 vincere
331 2218 361 2271 et
383 2214 511 2290 ingentis
533 2211 635 2291 plagae
659 2212 761 2273 sedare
784 2211 927 2272 tumultus

189 2303 280 2379 inquo
304 2318 373 2361 suos
397 2300 536 2379 quicquid
560 2318 664 2361 rursus
687 2319 824 2361 revocare
846 2307 960 2361 meatus

120 2403 171 2452 955
190 2396 220 2450 et
242 2390 327 2466 quasi
349 2390 408 2449 iam
430 2387 482 2448 leti
504 2389 702 2448 dominantem
724 2391 756 2448 in
778 2405 902 2468 corpore
923 2394 1036 2448 motum

190 2477 339 2537 discutere
362 2495 395 2536 ac
417 2495 511 2554 paene
534 2478 658 2536 amissos
681 2476 841 2536 accendere
865 2494 983 2536 sensus:

120 2578 258 2628 odonam
282 2582 339 2642 qua
361 2582 394 2623 re
416 2566 515 2641 potius
538 2563 590 2624 leti
612 2566 670 2624 iam
692 2563 793 2624 limine
816 2562 939 2642 abipso
1082 2578 1128 2620 oco

191 2650 227 2710 ad
249 2652 338 2710 vitam
360 2652 475 2730 possint
497 2651 629 2712 conlecta
650 2659 747 2712 mente
771 2654 892 2732 reverti,

192 2756 279 2817 quam
303 2756 360 2817 quo
384 2738 542 2801 decursum
563 2758 654 2820 prope
677 2743 736 2800 iam
759 2742 815 2801 siet
837 2741 880 2799 ire
904 2746 935 2800 et
956 2736 1059 2800 abne?

122 2842 173 2892 959
192 2834 358 2907 praeterea,
382 2830 522 2905 quoniam
545 2827 627 2887 dolor
651 2834 709 2909 est,
731 2828 783 2888 ubi
805 2830 940 2889 materiai

192 2933 316 2994 corpora
337 2917 367 2974 vi
389 2915 514 2993 quadam
535 2934 589 2995 per
610 2918 723 2977 viscera
745 2919 810 2976 vira
831 2934 886 2995 per
909 2923 989 2976 artus

121 3016 177 3069 965
192 3003 345 3064 sollicitata
368 3005 431 3063 suis
453 3003 602 3082 trepidant
624 3006 655 3064 in
678 3004 797 3065 sedibus
821 3006 913 3084 intus,
1084 3019 1126 3061 aas

193 3093 282 3171 inque
305 3091 403 3151 locum
426 3091 541 3169 quando
565 3095 737 3174 remigrant,
760 3094 793 3153 fit
814 3091 920 3152 blanda
943 3091 1091 3174 voluptas,

194 3182 270 3240 scire
293 3178 363 3240 licet
384 3179 465 3240 nullo
488 3181 649 3259 primordia
670 3199 758 3260 posse
781 3179 881 3240 dolore

123 3283 174 3332 965
193 3270 331 3344 temptari
353 3267 522 3346 nullamque
545 3268 721 3348 voluptatem
744 3287 849 3348 capere
873 3286 909 3328 ex
932 3287 977 3348 se,

194 3354 431 3433 quandoquidem
453 3374 512 3417 non
536 3363 605 3417 sunt
627 3376 663 3417 ex
685 3356 753 3418 ullis
775 3358 990 3435 principiorum

125 3458 181 3510 970
194 3440 381 3523 corporibus,
404 3462 530 3522 quorum
552 3451 649 3504 motus
671 3447 799 3505 novitate
822 3443 956 3505 laborent
1087 3459 1131 3500 919

195 3535 245 3590 aut
267 3528 395 3606 aliquem
418 3530 546 3592 lruotum
568 3534 685 3612 capiant
707 3531 871 3593 dulcedinis
893 3531 994 3593 almae.
