2500 3882
159 246 201 312 78
642 249 682 302 ΠΙ

229 413 315 474 saepe
339 396 468 455 animus:
492 395 636 456 dementit
658 397 737 455 enim
761 393 909 472 deliraque
934 392 1024 472 latur,

157 499 210 550 465
229 483 437 562 interdumque
461 486 542 561 gravi
564 483 696 562 lethargo
720 482 814 543 lertnr
836 484 867 542 in
891 480 980 541 altum

228 579 439 650 aetemnmque
463 589 600 650 soporem
623 571 717 632 oeulis
739 578 871 648 nutuque
895 568 1025 648 cadenti;

228 659 305 720 unde
328 677 425 738 neque
449 659 567 720 exaudit
589 677 676 720 voces
698 677 754 720 nec
776 675 898 718 noscere
922 655 1017 716 voltus

227 746 345 808 illorum
368 749 447 826 potis
471 755 529 828 est,
552 748 700 808 advitam
722 750 775 826 qui
796 752 967 807 revocantes
1059 797 1062 806 r

228 837 340 895 circum
363 841 442 894 stant
463 833 594 896 lacrimis
617 843 751 896 rorantes
774 852 824 894 ora
845 849 1002 912 genasque.

156 938 209 989 tto
228 941 318 1001 quare
341 925 472 982 animum
495 941 612 1002 qnoque
636 923 759 984 dissolui
782 922 890 982 fateare
912 929 1077 998 necessest,

228 1009 465 1089 qnandoquidem
487 1019 644 1090 penetrant
666 1013 697 1071 in
721 1028 789 1071 eum
811 1011 945 1086 contagia
967 1005 1072 1067 morbi
1089 1005 1101 1084 ΙΙ

226 1115 295 1158 nam
317 1096 401 1158 dolor
423 1117 457 1158 ac
480 1098 601 1160 morbus
624 1098 675 1160 leti
698 1098 856 1159 fabricator
878 1102 1044 1175 uterquest3

226 1185 386 1246 multorum
409 1189 499 1247 exitio
521 1187 656 1266 perdocti
678 1187 757 1266 quod
781 1203 883 1246 sumus
905 1191 981 1244 ante.
1122 1193 1159 1233 ω

227 1273 354 1352 denique
378 1291 444 1354 cur,
466 1274 617 1335 bominem
639 1293 706 1335 cum
728 1276 788 1335 vini
811 1277 855 1335 ris
877 1271 1042 1353 penetravit
1122 1281 1160 1320 ⁴⁷⁶

155 1376 208 1427 475
228 1364 305 1421 acris
328 1368 358 1421 et
380 1364 412 1421 in
434 1380 523 1423 renas
547 1363 684 1423 discessit
707 1363 817 1424 diditus
840 1363 939 1442 ardor,

226 1451 417 1528 consequitur
439 1453 566 1528 gravitas
588 1451 801 1531 membrorum,
823 1448 1055 1529 praepediuntur

226 1555 313 1597 crura
335 1537 496 1618 vacillanti,
518 1538 659 1598 tardescit
682 1538 794 1618 lingua,
817 1536 916 1596 madet
937 1552 1036 1614 mens,

224 1631 296 1684 nant
318 1624 410 1704 oculi,
433 1624 543 1685 clamor
566 1625 712 1703 singultus
733 1627 829 1703 iurgia
851 1624 992 1704 gliscunt,
1121 1633 1160 1674 ⁴⁸⁰

225 1714 337 1771 etiam
359 1718 458 1771 cetera
480 1712 516 1772 de
540 1731 648 1791 genere
671 1714 728 1773 boc
750 1730 953 1792 quaecumque
977 1715 1132 1790 secuntur,

154 1812 206 1864 480
225 1816 279 1858 cur
301 1816 336 1857 ea
359 1806 440 1879 sunt,
463 1800 521 1859 nisi
544 1800 622 1879 qnod
645 1818 765 1861 vemens
788 1799 926 1861 violentia
949 1801 1010 1858 vini

226 1884 402 1945 conturbare
426 1889 552 1946 animam
575 1891 728 1949 consuevit
750 1905 873 1967 corpore
896 1882 1039 1965 inipso?

225 1980 255 2033 at
277 1990 480 2052 quaecumque
504 1982 616 2052 queunt
638 1975 808 2036 conturbari
830 1978 920 2054 inque
942 1973 1053 2053 pediri,

225 2061 401 2141 significant,
423 2060 510 2140 paulo
534 2065 560 2121 si
584 2062 686 2124 durior
707 2065 866 2124 insinuarit
1120 2071 1157 2112 ⁴⁸⁵

225 2165 325 2229 causa,
347 2148 411 2208 lore
434 2155 467 2208 ut
488 2157 613 2227 pereant
634 2169 704 2211 aevo
727 2154 840 2230 privata
864 2150 972 2210 loturo.

153 2248 205 2299 485
223 2237 295 2314 quin
318 2238 407 2295 etiam
430 2235 528 2296 subito
550 2240 579 2296 vi
602 2238 697 2298 morbi
721 2256 807 2317 saepe
831 2245 950 2298 coactus

223 2329 290 2382 ante
313 2322 413 2384 oculos
436 2322 542 2403 aliquis
565 2333 696 2405 nostros,
718 2332 752 2385 nt
774 2325 907 2386 fulminis
930 2327 1007 2405 ictu,

223 2409 353 2469 concidit
375 2418 406 2470 et
428 2429 547 2490 spumas
569 2414 641 2493 agit,
663 2415 787 2491 ingemit
810 2419 840 2472 et
861 2415 965 2472 tremit
988 2418 1086 2492 artus,

223 2494 344 2576 desipit,
367 2504 498 2558 extentat
521 2517 641 2579 nervos,
663 2507 832 2580 torquetur,
855 2500 975 2559 anhelat
1121 2510 1158 2550 ⁴⁹⁰
1236 2539 1237 2550 κ

223 2583 437 2664 inconstanter,
460 2592 491 2644 et
512 2588 543 2645 in
565 2587 699 2646 iactando
721 2587 854 2647 membra
878 2587 988 2664 latigat

151 2682 204 2732 490
222 2670 377 2750 nimirum,
400 2674 469 2748 quia
491 2674 520 2730 vi
542 2672 639 2732 morbi
661 2673 799 2734 distracta
820 2692 876 2753 per
899 2681 982 2735 artus

644 2778 663 2816 *

221 2841 322 2901 turbat
343 2860 432 2920 agens
454 2846 595 2927 animam,
618 2866 758 2926 spumans
779 2851 817 2910 ut
837 2852 869 2910 in
893 2867 1024 2928 aequore
1049 2847 1125 2910 salso

221 2935 376 2988 ventorum
398 2929 502 2991 validis
525 2934 693 2996 fervescunt
714 2936 827 2997 viribus
850 2937 955 2998 undae.

221 3017 396 3092 exprimitur
417 3036 506 3096 porro
530 3023 670 3102 gemitus,
692 3026 760 3101 quia
782 3025 916 3084 membra
940 3023 1045 3085 dolore
1122 3035 1157 3077 ¹9⁵

221 3101 409 3184 adliciuntur,
433 3112 462 3165 et
485 3109 603 3166 omnino
627 3109 705 3186 qnod
728 3113 840 3171 semina
862 3114 944 3172 vocis

151 3197 203 3246 495
222 3187 370 3249 eiciuntur
393 3199 423 3251 et
446 3209 497 3251 ore
518 3193 597 3254 foras
620 3193 779 3272 glomerata
801 3199 940 3260 feruntur

223 3288 280 3346 qua
302 3279 387 3350 quasi
409 3287 591 3339 consuerunt
612 3288 642 3341 et
664 3291 734 3343 sunt
754 3289 868 3347 munita
890 3289 958 3349 viai.

224 3355 397 3433 desipientia
419 3365 465 3443 fit,
488 3367 555 3442 qnia
578 3369 622 3426 vis
645 3373 735 3429 animi
758 3379 846 3451 atque
870 3378 980 3436 animai

224 3443 415 3507 conturbatur
437 3457 479 3528 et,
502 3459 534 3511 ut
557 3453 656 3534 docui,
679 3458 772 3518 divisa
795 3478 930 3522 seorsum
1122 3476 1158 3516 ⁵0⁰

473 3533 563 3614 [474]
580 3565 620 3589 --
635 3539 708 3603 510.
732 3543 834 3623 [tuot
