2500 3882
100 191 143 256 86
585 192 625 246 HI

169 337 297 416 denique
320 345 353 398 ut
375 340 524 399 intereant
547 356 604 398 una
627 355 694 397 cum
718 354 842 416 corpore
867 344 997 398 cunctae.

595 441 614 483 a

169 514 213 572 sic
236 515 349 574 animas
371 513 526 574 hominum
549 513 649 573 dicent
671 515 703 572 in
726 529 851 591 corpora
874 530 994 591 semper
1072 534 1112 575 roo

170 602 214 660 ire
237 601 378 681 humana,
400 608 500 661 tamen
524 619 663 680 quaeram
686 618 740 660 cur
763 618 779 660 e
803 602 931 679 sapienti

100 705 151 753 700
171 688 260 748 stulta
283 696 371 767 queat
394 689 473 769 fieri,
496 707 551 749 nec
573 688 705 769 prudens
729 690 768 748 sit
790 707 865 767 puer
887 684 988 749 ullus?
1054 736 1056 740 ,

170 769 179 859 ll
193 794 248 836 nec
270 783 331 836 tam
354 777 458 837 doctus
482 795 574 855 equae
595 776 694 856 pullus
713 794 801 854 quam
819 777 905 837 fortis
924 778 995 855 equi
1012 777 1067 835 vis.
1085 772 1096 855 ΙΙ

171 864 298 943 sedicet,
320 866 352 924 in
374 869 478 924 tenero
501 873 689 926 tenerascere
713 881 837 943 corpore
859 870 990 924 mentem
1074 885 1115 926 aas

171 952 350 1030 confugient.
388 953 466 1031 quod
490 955 516 1012 si
539 955 598 1013 iam
620 953 666 1033 fit,
689 952 799 1012 fateare
822 958 976 1012 necessest

100 1056 155 1106 705
169 1038 322 1099 mortalem
346 1058 412 1100 esse
435 1043 575 1120 animam,
598 1042 736 1118 quoniam
760 1047 872 1101 mutata
894 1058 948 1119 per
972 1046 1055 1100 artus

100 1144 151 1192 707
170 1134 251 1187 tanto
276 1146 365 1206 opere
389 1131 498 1189 amittit
520 1131 609 1188 vitam
633 1146 811 1206 sensumque
834 1129 974 1206 priorem.

172 1233 265 1294 quove
288 1216 375 1276 modo
398 1218 508 1295 poterit
529 1218 641 1295 pariter
663 1233 731 1276 cum
754 1233 878 1293 corpore
901 1233 1020 1294 quoque

172 1303 343 1364 confirmata
367 1307 499 1383 cupitum
522 1306 627 1364 aetatis
649 1310 770 1382 tangere
793 1303 897 1364 florem
1074 1326 1114 1365 770

170 1394 215 1455 vis
238 1394 343 1473 animi,
366 1395 425 1452 nisi
448 1395 506 1452 erit
529 1410 651 1453 consors
674 1393 706 1450 in
729 1393 842 1469 origine
865 1387 983 1469 prima?

101 1495 155 1547 770
169 1479 276 1559 quidve
299 1481 378 1541 foras
402 1479 460 1540 sibi
482 1479 544 1540 vult
566 1479 708 1539 memhris
731 1481 812 1539 exire
836 1475 988 1540 senentis?

101 1585 152 1634 770
171 1587 209 1627 an
231 1571 337 1629 metuit
360 1566 497 1629 conclusa
520 1586 640 1627 manere
663 1569 840 1645 incorpore
863 1569 958 1645 putri,

172 1662 202 1715 et
225 1654 329 1715 domus
354 1658 458 1716 aetatis
482 1657 576 1733 spatio
599 1672 637 1714 ne
660 1655 738 1714 fessa
760 1661 876 1715 vetusto

172 1739 298 1802 obruat?
334 1749 365 1802 at
386 1761 445 1802 non
469 1748 538 1802 sunt
560 1741 721 1802 immortali
743 1740 802 1802 ulla
824 1741 943 1821 pericla.
1074 1765 1113 1806 777

216 1829 349 1908 Denique
372 1828 497 1890 conubia
521 1830 557 1890 ad
580 1829 702 1890 Veneris
725 1836 886 1908 partusque
910 1830 1041 1890 ferarum

102 1933 156 1984 775
170 1935 236 1978 esse
260 1920 373 1978 animas
396 1925 513 1997 praesto
538 1917 734 1978 deridiculum
757 1935 823 1978 esse
846 1917 976 1979 videtur:

102 2022 153 2072 aas
173 2012 328 2084 expectare
351 2006 525 2067 immortalis
548 2005 683 2067 mortalia
704 2005 836 2066 membra

172 2096 329 2154 innumero
353 2113 488 2175 numero,
512 2101 685 2173 certareque
708 2100 974 2172 praeproperanter

172 2184 251 2242 inter
274 2201 306 2243 se
330 2201 405 2262 qnae
427 2185 523 2263 prima
545 2184 758 2262 potissimaque
781 2183 962 2262 insinuetur3
1073 2206 1114 2246 700

173 2273 282 2331 sinon
305 2272 381 2332 forte
404 2273 445 2332 ita
468 2278 537 2331 sunt
560 2273 724 2331 animarum
748 2269 867 2330 foedera
889 2277 987 2350 pacta,

102 2373 158 2424 780
171 2365 205 2418 ut
228 2377 302 2437 quae
325 2361 421 2438 prima
443 2357 543 2420 volans
566 2359 719 2419 advenerit
742 2359 910 2417 insinuetur

102 2463 154 2512 780
172 2447 281 2526 prima,
305 2465 401 2526 neque
425 2449 503 2507 inter
525 2465 557 2507 se
582 2446 759 2507 contendant
781 2445 895 2505 viribus
917 2444 1031 2506 hilum„

216 2533 349 2612 Denique
372 2537 404 2594 in
426 2534 545 2595 aethere
568 2553 628 2596 non
651 2532 751 2612 arbor,
774 2550 834 2592 non
857 2551 985 2612 aequore
1008 2532 1087 2594 salso

172 2621 267 2681 nubes
291 2638 356 2681 esse
380 2629 504 2704 queunt,
527 2641 582 2684 nec
604 2625 702 2702 pisces
724 2623 823 2681 vivere
845 2622 878 2680 in
900 2622 991 2701 arvis,
1072 2643 1114 2684 ras

173 2727 228 2769 nec
251 2726 340 2768 cruor
361 2712 394 2769 in
417 2709 504 2788 lignis
527 2729 624 2790 neque
648 2711 726 2770 saxis
750 2727 840 2769 sucus
863 2710 970 2769 inesse.

102 2812 158 2864 705
172 2803 286 2858 certum
314 2815 347 2857 ac
375 2797 580 2878 dispositumst
601 2797 654 2859 uhi
677 2796 816 2876 quicquid
841 2804 956 2857 crescat
977 2803 1008 2857 et
1030 2798 1112 2857 insit.

103 2902 154 2952 780
174 2887 216 2946 sic
240 2886 331 2945 animi
353 2894 457 2947 natura
480 2889 583 2966 nequit
606 2888 670 2946 sine
693 2903 818 2963 corpore
841 2887 914 2944 oriri

173 2973 234 3034 sola
258 2993 355 3053 neque
379 2994 395 3034 a
417 2977 515 3035 nervis
539 2981 569 3034 et
592 2975 734 3052 sanguine
758 2971 884 3050 longiter
906 2989 981 3033 esse.

173 3062 252 3141 quod
276 3065 302 3123 si
324 3068 425 3142 posset
448 3064 539 3142 enim,
562 3061 654 3122 multo
677 3063 762 3140 prius
785 3062 849 3138 ipsa
871 3062 963 3119 animi
985 3061 1030 3119 vis
1073 3083 1113 3122 reo

173 3153 205 3211 in
229 3153 323 3230 capite
346 3158 396 3210 aut
418 3151 530 3210 umeris
554 3158 604 3212 aut
626 3151 695 3210 imis
718 3147 848 3208 calcibus
870 3165 937 3208 esse

101 3254 158 3306 790
173 3246 275 3318 posset
297 3245 327 3298 et
348 3239 463 3298 innasci
486 3240 588 3316 quavis
610 3240 642 3297 in
664 3243 749 3316 parte
773 3235 894 3316 soleret,

103 3342 154 3391 790
172 3325 290 3386 tandem
309 3327 340 3385 in
359 3325 464 3386 eodem
481 3326 600 3387 homine
619 3331 706 3403 atque
726 3327 758 3384 in
777 3324 880 3384 eodem
900 3341 967 3383 vase
981 3341 1111 3383 manere.

174 3412 251 3491 quod
274 3415 413 3490 quoniam
436 3420 537 3474 nostro
562 3431 678 3491 quoque
702 3419 817 3473 constat
839 3429 964 3491 corpore
987 3417 1111 3490 certum,

486 3498 578 3580 [703]
595 3527 636 3550 -=
652 3496 725 3562 744.
