2500 3882
612 170 639 225 11
1078 167 1124 233 55

193 319 245 380 sed
267 319 357 378 variis
380 317 483 376 formis
505 320 651 378 variantes
674 317 761 378 edere
784 324 888 378 tactus.
1083 330 1123 370 ⁸1⁶

120 423 180 476 826
193 409 265 486 quin
288 408 376 466 etiam
399 411 506 483 quanto
530 407 561 465 in
584 412 681 484 partes
705 424 753 466 res
778 423 909 484 quaeque
932 407 1060 465 minutas
1082 417 1124 458 ose

193 495 366 555 distrahitur
388 495 494 573 magis,
516 494 572 554 hoc
595 495 687 571 magis
711 501 756 554 est
778 501 812 554 ut
834 511 956 554 cernere
978 494 1075 571 possis

120 599 173 648 825
193 600 367 643 evanescere
389 581 528 659 paulatim
553 583 719 660 stinguique
743 581 883 662 colorem3

193 677 226 731 ut
248 671 282 730 fit
303 668 355 730 uhi
377 671 408 728 iu
429 687 533 748 parvas
555 671 647 748 partis
671 670 848 748 discerpitur
870 676 1016 751 austrum3

119 777 179 830 830
192 776 323 838 purpura
345 759 561 836 poeniceusque
584 756 665 817 color
687 757 859 818 clarissimu'
882 757 987 838 multo,
1083 771 1125 812 ceo

193 846 297 906 filatim
319 863 386 907 cum
409 844 623 927 distractumst,
645 845 826 925 disperditur
849 847 956 927 omnis;

193 951 316 995 noscere
339 939 372 993 ut
393 933 463 993 hinc
484 935 581 1012 possis
604 935 688 1012 prius
711 951 827 993 omnem
850 934 949 994 elllare
973 933 1102 994 colorem

120 1041 176 1090 8³0
194 1021 365 1102 particulas,
389 1039 475 1099 quam
499 1021 650 1081 discedant
673 1021 708 1081 ad
732 1023 843 1082 semina
866 1040 973 1082 rerum.

237 1108 388 1169 Postremo
413 1111 551 1187 quoniam
574 1127 633 1169 non
657 1111 753 1169 omnia
777 1127 900 1188 corpora
922 1128 1022 1169 vocem

120 1215 180 1267 335
195 1200 311 1258 mittere
335 1197 472 1257 concedis
495 1214 590 1276 neque
614 1197 746 1278 odorem,
768 1204 925 1276 propterea
946 1198 980 1257 fit
1084 1209 1124 1252 aaa

194 1293 227 1347 ut
248 1303 308 1346 non
331 1284 467 1346 omnibus
490 1283 639 1345 adtribuas
663 1286 776 1344 sonitus
800 1291 829 1344 et
852 1285 970 1344 odores:

195 1377 238 1434 sic
261 1371 354 1433 oculis
378 1375 516 1451 quoniam
538 1390 597 1432 uon
621 1375 718 1433 omnia
741 1391 863 1432 cernere
887 1374 1017 1453 quimus,

120 1478 175 1529 835
197 1463 273 1522 scire
297 1459 366 1520 licet
389 1459 531 1539 quaedam
552 1467 612 1520 tam
636 1466 769 1520 constare
793 1459 863 1520 orba
886 1459 983 1519 colore

195 1567 282 1628 quam
305 1551 368 1608 sine
392 1548 481 1608 odore
504 1547 563 1608 ullo
586 1547 728 1626 quaedam
751 1550 907 1626 sonituque
930 1555 1055 1630 remota,

120 1654 179 1706 840
193 1656 247 1698 nec
269 1638 368 1696 minus
390 1636 462 1696 haec
485 1637 615 1697 animum
637 1654 813 1714 cognoscere
831 1654 919 1715 posse
938 1655 1070 1716 sagacem
1084 1650 1126 1691 uo

196 1743 283 1804 quam
306 1742 379 1803 quae
403 1730 472 1784 sunt
494 1723 559 1784 aliis
582 1723 671 1784 rebus
693 1727 806 1803 privata
828 1731 938 1786 notare.

240 1812 297 1872 Sed
319 1830 356 1872 ne
380 1812 454 1871 forte
477 1819 562 1890 putes
586 1811 647 1872 solo
671 1811 794 1891 spoliata
816 1812 913 1873 colore

122 1918 178 1969 840
195 1918 317 1980 corpora
339 1902 435 1982 prima
456 1917 588 1980 manere,
611 1902 699 1960 etiam
723 1907 835 1961 secreta
857 1903 969 1979 teporis

196 1995 264 2050 sunt
286 2007 319 2048 ac
341 1989 460 2066 frigoris
483 1989 602 2048 omnino
625 1986 770 2066 calidique
793 1991 921 2067 vaporis,

121 2092 181 2146 845
194 2084 224 2137 et
246 2078 343 2136 sonitu
367 2074 467 2136 sterila
489 2082 519 2135 et
542 2092 612 2135 suco
635 2077 734 2135 ieiuna
756 2076 904 2155 feruntur,
1085 2089 1126 2130 em

195 2182 250 2225 neo
273 2166 383 2224 iaciunt
404 2163 497 2224 ullum
519 2164 672 2241 proprium
695 2162 731 2222 de
754 2181 877 2242 corpore
901 2161 1029 2222 odorem.

197 2255 274 2314 sicut
295 2253 453 2312 amaracini
474 2250 613 2310 blandum
636 2256 802 2328 stactaeque
825 2250 970 2329 liquorem

123 2357 177 2407 845
197 2346 227 2401 et
248 2340 333 2400 nardi
354 2339 470 2419 liorem,
492 2345 594 2399 nectar
617 2341 668 2416 qui
690 2337 811 2398 naribus
833 2338 923 2419 halat,

198 2446 266 2488 cum
288 2428 383 2488 lacere
406 2429 557 2507 instituas,
579 2445 646 2486 eum
668 2427 772 2505 primis
796 2444 937 2505 quaerere
960 2445 1014 2505 par
1037 2433 1095 2508 est,

124 2531 182 2585 850
196 2515 291 2594 quoad
313 2515 383 2575 licet
405 2533 438 2575 ac
460 2516 557 2593 possis
580 2517 724 2595 reperire,
747 2514 885 2575 inolentis
908 2514 977 2575 olivi
1086 2528 1128 2570 aso

198 2610 345 2683 naturam,
368 2601 477 2663 nullam
501 2621 574 2682 quae
597 2605 693 2662 mittat
715 2603 835 2664 naribus
859 2622 972 2685 auram,
1126 2603 1128 2610 '

197 2710 286 2769 quam
307 2693 427 2754 minime
450 2698 483 2751 ut
506 2693 600 2770 possit
621 2692 729 2751 mixtos
752 2693 783 2751 in
806 2709 929 2771 corpore
953 2692 1058 2754 odores

124 2796 179 2845 850
198 2787 412 2857 concoctosque
436 2797 488 2838 suo
512 2786 695 2839 contractans
717 2779 841 2857 perdere
864 2782 940 2860 viro,

197 2874 318 2947 propter
340 2867 462 2927 eandem
483 2884 549 2928 rem
571 2866 678 2926 debent
699 2868 861 2945 primordia
883 2886 983 2928 rerum

124 2971 182 3024 855
196 2973 255 3016 non
278 2954 416 3016 adhibere
440 2973 527 3016 suum
549 2955 705 3032 gignundis
728 2955 817 3017 rebus
841 2955 973 3035 odorem,
1087 2967 1128 3010 ⁸⁶⁶

197 3063 252 3104 nec
276 3046 417 3124 sonitum,
441 3045 579 3122 quoniam
601 3043 642 3102 nil
665 3042 702 3102 ab
725 3061 756 3102 se
779 3046 896 3103 mittere
919 3049 1056 3123 possunt,

196 3150 252 3192 nec
275 3132 365 3192 simili
387 3134 500 3192 ratione
524 3148 657 3209 saporem
681 3131 806 3210 denique
831 3148 1007 3209 quemquam

124 3235 179 3286 855
197 3238 252 3280 nec
279 3221 372 3297 frigus
399 3238 495 3298 neque
522 3220 594 3279 item
616 3218 743 3279 calidum
764 3218 954 3298 tepidumque
976 3237 1130 3300 vaporem,

198 3314 309 3388 cetera,
333 3326 407 3386 quae
430 3309 584 3387 comitant,
607 3312 705 3366 tamen
728 3314 761 3367 ut
783 3305 918 3367 mortalia
936 3314 1083 3388 constent,

123 3411 183 3465 360
195 3395 278 3455 molli
301 3395 391 3476 lenta,
414 3396 528 3473 fragosa
551 3396 643 3474 putri,
667 3413 735 3454 cava
757 3413 881 3473 corpore
905 3413 984 3455 raro:
1088 3409 1131 3449 oco

198 3486 296 3545 omnia
318 3486 379 3544 sint
401 3502 418 3543 a
440 3484 593 3562 principiis
617 3484 748 3543 seiuncta
771 3491 934 3564 necessest,
