2500 3882
133 219 198 283 110
621 215 660 270 TV

203 364 253 424 illa
275 363 358 424 tibist
381 365 472 441 igitur
494 363 652 423 verborum
675 365 759 442 copia
782 381 866 424 cassa

132 468 184 518 405
204 455 313 532 omnis,
337 469 411 530 quae
436 458 537 511 contra
560 469 665 511 sensus
688 453 835 512 instructa
856 458 993 530 paratast.

133 556 183 607 511
202 541 331 619 denique
354 546 389 599 ut
410 541 441 598 in
464 537 589 620 fabrica,
612 541 638 599 si
660 547 778 618 pravast
800 539 901 618 regula
924 542 1033 620 prima,

203 645 365 705 normaque
389 629 415 686 si
437 626 523 686 fallax
546 629 637 687 rectis
661 627 833 705 regionibus
857 630 930 707 exit,

205 723 234 776 et
256 715 354 775 libella
377 714 474 793 aliqua
497 717 523 774 si
546 733 583 774 ex
604 718 683 795 parti
705 715 851 776 claudicat
871 715 977 794 hilum,
1107 737 1150 778 515

204 805 302 864 omnia
325 802 465 862 mendose
488 803 554 862 lieri
576 810 664 882 atque
688 802 802 882 obstipa
825 810 977 864 necessest

134 907 185 958 500
204 909 292 970 prava
315 890 453 951 cubantia
474 907 568 970 prona
591 893 696 969 supina
718 897 806 971 atque
830 891 939 951 absona
961 897 1066 972 tecta,

134 995 188 1047 515
205 983 264 1040 iam
286 997 374 1039 ruere
397 986 430 1039 ut
453 978 595 1056 quaedam
618 979 772 1039 videantur
794 979 882 1061 velle,
905 986 1052 1057 ruantque

204 1066 321 1146 prodita
343 1066 462 1127 iudiciis
484 1066 636 1126 fallacibus
660 1070 758 1127 omnia
780 1069 886 1146 primis
909 1100 951 1108 -

206 1157 248 1216 sic
272 1157 363 1233 igitur
385 1157 460 1214 ratio
483 1154 539 1214 tibi
561 1172 662 1214 rerum
684 1173 774 1234 prava
796 1163 949 1216 necessest
1106 1178 1150 1220 500

205 1243 335 1322 falsaque
359 1245 410 1322 sit,
433 1240 515 1302 falsis
537 1260 739 1322 quaecumque
763 1244 798 1303 ab
822 1243 961 1304 sensibus
984 1250 1085 1304 ortast

134 1347 186 1398 505
249 1331 335 1391 Nunc
358 1329 407 1390 alii
430 1349 535 1391 sensus
559 1349 617 1410 quo
640 1339 725 1410 pacto
750 1334 877 1410 quisque
901 1349 984 1391 suam
1006 1349 1071 1392 rem

135 1435 189 1487 521
206 1421 326 1500 sentiat,
347 1418 425 1478 haud
450 1436 595 1497 (piaquam
617 1421 693 1479 ratio
717 1437 859 1499 scruposa
881 1419 1021 1480 relictast.

248 1507 398 1585 Principio
422 1507 542 1567 auditur
564 1525 654 1567 sonus
677 1514 709 1566 et
729 1525 785 1566 vox
809 1510 918 1588 omnis,
941 1510 971 1567 in
994 1510 1075 1568 auris

205 1597 353 1655 insinuata
377 1613 430 1654 suo
454 1592 595 1673 pepulere
617 1594 670 1654 ubi
693 1612 817 1674 corpore
841 1613 969 1656 sensum.
1106 1621 1149 1660 aaa

206 1700 378 1761 corpoream
400 1699 500 1743 vocem
522 1701 638 1761 quoque
662 1685 742 1742 enim
765 1690 899 1744 constare
922 1684 1117 1744 fatendumst

135 1778 237 1836 51001
260 1773 402 1851 sonitum,
426 1771 565 1848 quoniam
586 1778 713 1848 possunt
734 1770 876 1850 inpellere
900 1789 1014 1831 sensus

136 1873 190 1924 526
204 1864 357 1936 praeterea
379 1857 456 1917 radit
478 1875 534 1916 vox
557 1858 657 1918 fauces
681 1877 782 1940 saepe,
804 1859 931 1939 facitque

207 1947 357 2024 asperiora
380 1945 459 2006 foras
481 1944 619 2023 gradiens
643 1949 751 2006 arteria
774 1947 896 2028 clamor,
945 2023 947 2026 Ι

207 2036 330 2114 quippe,
352 2051 407 2112 per
429 2039 587 2111 angustum
609 2033 696 2094 turba
718 2037 828 2096 maiore
852 2043 952 2096 coorta
1106 2060 1150 2100 500

207 2124 250 2182 ire
274 2122 353 2181 foras
376 2121 429 2181 ubi
451 2129 612 2200 coeperunt
634 2123 796 2200 primordia
818 2141 931 2183 vocum.

135 2226 187 2277 515
207 2208 333 2291 scilicet,
356 2210 482 2288 expletis
506 2227 622 2289 quoque
646 2212 734 2271 ianua
756 2211 871 2271 raditur
893 2213 966 2292 oriS,

632 2317 649 2354 ss

136 2403 190 2454 531
206 2386 284 2447 haud
307 2387 398 2464 igitur
421 2385 574 2446 dubiumst
596 2388 668 2464 quin
690 2404 778 2447 voces
800 2386 947 2465 verbaque
971 2394 1110 2449 constent

206 2476 358 2552 corporeis
381 2492 398 2533 e
420 2476 590 2555 principiis,
613 2480 646 2535 ut
669 2473 786 2535 laedere
808 2477 931 2554 possint.

205 2568 313 2622 necte
336 2560 410 2622 fallit
432 2565 504 2622 item
527 2562 598 2640 quid
621 2565 755 2641 corporis
779 2563 892 2623 auferat
914 2569 944 2623 et
966 2563 1038 2641 quid
1107 2587 1151 2628 sss

207 2649 341 2710 detrahat
364 2669 400 2710 ex
423 2650 576 2709 hominum
598 2652 697 2709 nervis
720 2668 754 2710 ac
776 2650 889 2710 viribus
911 2652 985 2728 ipsis

135 2755 188 2806 5οο
205 2744 368 2819 perpetuus
391 2754 489 2796 sermo
512 2739 608 2815 nigrai
630 2739 726 2797 noctis
750 2737 786 2798 ad
808 2737 943 2798 umbram

135 2843 191 2894 536
207 2843 330 2886 aurorae
352 2824 514 2904 perductus
537 2824 572 2885 ab
597 2827 748 2885 exoriente
771 2827 881 2907 nitore,

205 2915 383 2993 praesertim
406 2915 432 2972 si
455 2930 522 2973 cum
546 2920 690 2973 summost
712 2913 839 2981 elamore
862 2914 1011 2993 profusus.

206 3019 276 3079 ergo
300 3018 472 3080 corpoream
494 3019 598 3060 vocem
620 3008 754 3062 constare
777 3009 943 3083 necessest,
1108 3025 1151 3066 540

205 3089 297 3149 multa
320 3087 444 3168 loquens
468 3091 607 3169 quoniam
630 3091 738 3148 amittit
760 3089 796 3148 de
819 3107 944 3168 corpore
967 3097 1092 3169 partem.

136 3193 187 3243 525
205 3170 215 3259 ll
228 3179 372 3255 asperitas
395 3184 493 3237 autem
517 3179 597 3236 vocis
619 3177 655 3237 lit
675 3175 712 3236 ab
735 3179 892 3256 asperitate
1108 3201 1150 3243 551

135 3279 187 3330 541
205 3265 435 3344 principiorum,
459 3272 488 3325 et
510 3267 583 3324 item
605 3263 687 3324 levor
709 3263 807 3325 levore
829 3273 960 3327 creatur:

207 3368 261 3411 nec
285 3351 375 3410 simili
398 3358 554 3429 penetrant
577 3354 657 3411 auris
680 3353 842 3431 primordia
864 3354 971 3436 forma,
1108 3379 1151 3420 ms

208 3457 276 3500 cum
298 3436 369 3497 tuba
392 3439 533 3518 depresso
557 3442 685 3517 graviter
709 3440 762 3500 sub
786 3459 938 3502 murmure
962 3445 1056 3520 mugit

209 3533 239 3587 et
261 3524 385 3586 reboant
407 3543 529 3588 raucum
552 3532 632 3587 retro
655 3527 719 3588 loca
740 3528 865 3589 barbara
887 3528 1041 3611 bombum,
