2500 3882
134 247 179 313 50
618 245 645 299 ΙΙ

208 413 281 474 quae
303 393 379 455 hene
402 401 432 454 et
455 394 560 452 eximie
585 395 716 472 quamvis
740 392 873 471 disposta
896 392 1039 474 ferantur,

136 498 191 550 645
205 483 291 561 longe
315 489 383 543 sunt
405 485 503 541 tamen
526 500 543 540 a
565 500 633 542 vera
655 483 768 541 ratione
791 480 916 558 repulsa.

137 587 188 636 645
208 573 302 630 omnis
325 573 404 631 enim
426 587 480 648 per
503 587 535 628 se
558 569 655 628 divom
677 574 783 629 natura
805 577 956 631 necessest
1094 583 1141 623 ses

207 659 355 720 inmortali
378 675 448 717 aevo
472 675 586 717 summa
608 675 675 718 eum
697 675 769 736 pace
792 657 907 718 fruatur

207 753 318 807 semota
341 744 377 806 ab
399 747 509 804 nostris
532 743 621 805 rebus
645 747 834 823 seiunctaque
857 744 957 822 longe:

206 853 274 895 nam
296 835 409 913 privata
432 832 532 893 dolore
555 835 648 914 omni,
671 834 782 911 privata
805 832 937 912 periclis,

137 939 192 990 650
206 926 271 1002 ipsa
293 924 355 982 suis
377 920 490 1000 pollens
514 919 632 1001 opibus,
653 920 696 980 nil
718 920 818 999 indiga
839 922 946 1000 nostri,

137 1026 189 1077 660
206 1028 262 1071 nec
283 1008 360 1069 bene
382 1011 552 1088 promeritis
575 1011 689 1087 eapitur
712 1027 807 1087 neque
829 1010 960 1086 tangitur
982 1010 1034 1068 ira.

137 1113 192 1166 655
208 1099 257 1157 hie
279 1099 373 1175 siquis
396 1115 477 1156 mare
499 1095 667 1176 Neptunum
690 1095 888 1175 Cereremque
910 1113 1015 1156 vocare

208 1187 359 1246 constituit
381 1185 481 1263 fruges
504 1191 533 1244 et
555 1184 663 1244 Bacchi
684 1187 803 1244 nomine
826 1183 907 1244 abuti

207 1273 315 1336 mavolt
338 1291 424 1352 quam
447 1273 542 1332 laticis
564 1275 718 1352 proprium
739 1272 873 1351 prolerre
895 1289 1048 1352 vocamen,

208 1361 403 1422 concedamus
425 1368 458 1421 ut
479 1361 528 1421 hic
550 1368 698 1421 terrarum
720 1360 835 1420 dictitet
858 1358 959 1420 orbem

138 1467 273 1519 estesse
297 1449 384 1510 deum
406 1455 543 1530 matrem,
566 1448 636 1509 dum
658 1466 782 1508 verare
805 1454 903 1507 tamen
924 1449 987 1526 ipse

92 1559 94 1564 ·
138 1555 193 1606 666
208 1538 349 1616 religione
372 1539 502 1597 animum
523 1538 604 1615 turpi
627 1537 796 1614 contingere
817 1541 924 1613 parcat.

138 1640 194 1693 662
253 1625 344 1685 Terra
366 1624 485 1702 quidem
507 1642 576 1683 vero
599 1630 680 1683 caret
702 1625 936 1701 omnitempore
959 1641 1061 1704 sensu,

208 1718 238 1772 et
261 1714 329 1791 quia
351 1711 508 1771 multarum
531 1712 642 1789 potitur
663 1711 825 1790 primordia
846 1729 959 1790 rerum,

207 1799 299 1860 multa
321 1798 416 1858 modis
438 1797 539 1858 multis
562 1799 646 1858 ellert
668 1801 699 1858 in
722 1798 832 1860 lumina
855 1798 934 1858 solis.

139 1904 190 1954 660
210 1905 297 1966 saepe
319 1889 418 1966 itaque
441 1905 477 1947 ex
499 1904 558 1946 uno
580 1885 736 1947 tondentes
760 1888 889 1964 gramina
912 1903 1014 1965 campo

209 1975 355 2053 lanigerae
377 1975 506 2054 pecudes
530 1980 559 2034 66
581 1992 725 2052 equorum
748 1973 872 2034 duellica
894 1973 990 2052 proles

208 2062 404 2141 buceriaeque
427 2080 531 2140 greges
554 2062 658 2123 eodem
681 2062 735 2122 suh
758 2063 887 2140 tegmine
910 2061 983 2121 caeli

209 2170 246 2212 er
268 2168 385 2229 unoque
409 2152 489 2210 sitim
511 2150 648 2210 sedantes
670 2150 790 2211 {lumine
813 2151 899 2228 aquai

138 2255 194 2306 665
211 2237 348 2300 dissimili
370 2240 469 2298 vivont
491 2240 589 2317 specie
611 2240 798 2316 retinentque
823 2243 978 2316 parentum

139 2343 190 2393 666
209 2334 343 2387 naturam
366 2333 396 2386 et
417 2345 515 2386 mores
538 2329 699 2405 generatim
722 2343 853 2404 quaeque
877 2327 1035 2386 imitantur.

208 2421 317 2476 tantast
339 2416 371 2474 in
394 2417 497 2493 quovis
519 2432 626 2492 genere
648 2412 757 2474 herbae
780 2415 914 2473 materiai

210 2500 363 2562 dissimilis
386 2504 473 2582 ratio,
495 2508 603 2562 tantast
625 2504 657 2561 in
679 2501 799 2562 {lumine
823 2518 946 2579 quoque.

208 2590 277 2649 hine
299 2606 388 2667 porro
412 2591 543 2667 quamvis
566 2590 743 2649 animantem
766 2607 802 2649 ex
825 2588 961 2648 omnihus
983 2606 1072 2648 unam

139 2695 194 2745 670
208 2695 275 2738 ossa
298 2694 386 2736 eruor
408 2694 497 2736 venae
521 2675 600 2736 calor
622 2694 707 2737 umor
729 2678 843 2736 viscera
865 2679 948 2736 nervi

139 2783 191 2832 666
210 2765 404 2843 constituunt,
427 2781 501 2842 quae
525 2769 594 2824 sunt
614 2782 703 2844 porro
726 2764 863 2824 distantia
884 2764 982 2844 longe,
1098 2779 1144 2820 ero

210 2851 347 2914 dissimili
368 2851 499 2930 perlecta
520 2853 613 2930 figura
634 2854 857 2932 principiorum.

208 2949 271 3003 tum
293 2956 383 3020 porro
407 2958 606 3019 quaecumque
629 2942 692 3018 igni
713 2940 859 3000 flammata
881 2946 1061 3021 cremantur,

210 3032 236 3090 si
257 3028 301 3089 nil
321 3034 487 3108 praeterea,
509 3036 607 3089 tamen
629 3029 702 3089 haec
724 3031 755 3088 in
779 3045 902 3105 corpore
925 3027 1032 3108 celant,

139 3133 194 3184 675
210 3117 289 3177 unde
311 3119 410 3195 ignem
432 3118 529 3176 iacere
552 3116 702 3176 etlumen
726 3117 908 3176 summittere
931 3116 1047 3194 possint

139 3219 190 3269 666
210 3204 410 3283 scintillasque
433 3221 518 3281 agere
541 3221 575 3263 ac
597 3203 654 3264 late
677 3204 795 3265 differre
818 3201 952 3262 favillam.
1099 3217 1143 3259 ers

210 3298 307 3351 cetera
329 3291 476 3352 consimili
498 3294 606 3351 mentis
628 3294 740 3352 ratione
763 3309 922 3370 peragrans

209 3379 339 3438 invenies
361 3381 452 3457 igitur
474 3379 632 3440 multarum
656 3383 767 3441 semina
789 3397 888 3440 rerum

210 3483 332 3543 corpore
357 3466 452 3528 celare
477 3476 506 3530 et
527 3471 622 3529 varias
646 3468 782 3529 cohibere
805 3467 921 3544 figuras.

137 3567 195 3620 680
210 3553 335 3632 deniquo
358 3554 450 3616 multa
471 3557 562 3639 rides,
588 3556 694 3636 quibus
717 3563 746 3617 et
768 3555 847 3616 eolor
870 3560 900 3614 et
922 3571 1010 3633 sapor
1027 3573 1088 3616 una
1101 3568 1145 3612 aas
