2512 3874
126 205 188 272 112
229 173 231 177 ’
613 201 651 256 1v

195 350 429 428 chordarumque
453 365 542 410 sonos
565 349 644 430 fieri,
667 348 819 428 dulcisque
843 347 1002 427 querellas,

194 438 267 498 tibia
291 456 363 516 quas
386 437 484 498 fundit
506 437 607 514 digitis
630 436 745 516 pulsata
768 443 938 517 canentum,
1103 454 1152 496 ose

196 533 226 587 et
248 545 341 605 genus
365 524 526 604 agricolum
549 525 606 585 late
630 527 804 606 sentiscere,
827 542 917 603 quom
939 523 999 583 Pan

125 617 284 694 sappinea
308 614 440 674 semiferi
464 615 568 691 capitis
591 611 735 673 velamina
758 631 900 691 quassans

126 718 182 770 586
195 721 272 763 unco
296 719 384 780 saepe
406 700 489 760 labro
512 700 639 762 calamos
661 703 811 780 percurrit
832 700 954 781 hiantis,

166 837 167 840 ,
196 789 294 850 fistula
317 789 483 851 silvestrem
505 806 543 848 ne
567 795 664 849 cesset
686 788 810 849 fundere
833 805 956 848 musam.

198 884 296 938 cetera
315 876 351 936 de
370 894 479 954 genere
496 877 553 937 hoc
571 883 703 937 monstra
716 895 750 937 ac
763 883 900 956 portenta
912 875 1086 954 loquentur,
1102 896 1149 937 oso

196 983 235 1026 ne
257 964 322 1024 loca
345 963 462 1024 deserta
485 963 521 1024 ab
544 964 620 1024 divis
645 983 761 1044 quoque
784 965 860 1024 sorte
882 970 1024 1042 putentur

118 1069 179 1118 ,575
199 1052 260 1112 sola
282 1059 394 1113 tenere.
431 1052 498 1112 ideo
521 1054 631 1112 iactant
653 1051 793 1112 miracula
816 1051 917 1132 dictis,

127 1147 247 1208 serant
270 1139 367 1219 aliqua
390 1142 504 1200 ratione
527 1139 583 1200 alia
606 1139 767 1221 ducuntur,
789 1146 823 1200 ut
845 1157 931 1200 omne

127 1262 130 1269 ·
198 1229 359 1290 humanum
382 1246 476 1306 genus
498 1234 544 1288 est
566 1227 683 1288 avidum
705 1229 795 1288 nimis
813 1223 1048 1306 †auricularum.

242 1315 326 1387 Quod
350 1323 498 1397 superest,
521 1333 580 1375 non
604 1322 649 1377 est
670 1315 838 1376 mirandum
861 1333 919 1394 qua
941 1316 1069 1392 ratione,
1101 1336 1147 1378 sss

197 1422 252 1483 per
274 1403 338 1464 loca
361 1422 435 1483 quae
458 1411 611 1482 nequeunt
633 1403 712 1464 oculi
733 1419 783 1463 res
805 1421 929 1463 cernere
952 1407 1086 1481 apertas,

117 1508 180 1558 1580
198 1492 271 1552 haec
293 1491 358 1552 loca
380 1509 434 1570 per
456 1509 544 1552 voces
566 1493 685 1552 veniant
708 1493 846 1570 aurisque
869 1490 1028 1569 lacessant,

129 1595 183 1646 596
199 1578 388 1657 conloquium
414 1586 447 1639 ut
469 1578 578 1640 clausis
601 1578 715 1640 loribus
738 1597 854 1658 quoque
878 1595 965 1657 saepe
988 1577 1144 1659 videmus3

197 1669 353 1745 nimirum,
376 1669 444 1744 quia
466 1685 522 1726 vox
544 1685 599 1746 per
621 1667 696 1726 llexa
719 1667 862 1727 foramina
883 1683 985 1727 rerum

199 1753 355 1813 incolomis
377 1755 505 1813 transire
528 1760 639 1833 potest,
662 1752 819 1814 simulacra
841 1760 992 1815 renutant:
1101 1775 1145 1816 coo

198 1840 430 1920 perscinduntur
453 1842 545 1920 enim,
567 1843 627 1901 nisi
648 1849 729 1902 recta
752 1842 895 1902 foramina
917 1847 1049 1921 tranant,

129 1945 180 1994 505
200 1926 295 2007 qualia
319 1935 388 1988 sunt
409 1929 491 2008 vitri,
515 1931 630 2006 species
653 1947 709 2007 qua
732 1929 855 1989 travolat
877 1931 981 1988 omnis.

129 2011 376 2100 601ilpraelerea
397 2017 491 2094 partis
514 2017 545 2076 in
568 2023 687 2077 cunctas
711 2016 852 2078 dividitur
874 2035 943 2098 vox,

200 2124 236 2164 ex
259 2103 325 2164 aliis
348 2103 422 2164 aliae
446 2105 584 2182 quoniam
607 2107 779 2185 gignuntur,
802 2103 855 2164 ubi
876 2123 934 2166 una

200 2191 329 2253 dissiluit
352 2191 444 2252 semel
466 2193 498 2251 in
520 2190 627 2252 multas
650 2199 764 2273 exorta,
787 2193 872 2270 quasi
893 2193 971 2270 ignis
1099 2214 1145 2255 cos

200 2299 288 2359 saepe
311 2279 387 2340 solet
409 2278 535 2340 scintilla
558 2297 628 2340 suos
650 2296 683 2339 se
706 2297 845 2358 spargere
869 2282 901 2339 in
923 2281 1009 2357 ignis.

128 2384 270 2446 aspergo
293 2366 446 2446 replentur
467 2367 531 2427 loca
553 2365 674 2427 vocibus
698 2367 797 2427 abdita
818 2373 898 2427 retro

128 2471 184 2522 606
198 2457 355 2532 omniaque
377 2456 425 2515 his
448 2457 561 2516 circum
583 2455 700 2514 fervunt
723 2457 880 2533 sonituque
903 2456 1027 2515 cientur.

199 2551 228 2603 at
250 2541 408 2602 simulacra
429 2545 485 2602 viis
509 2542 636 2602 derectis
660 2544 758 2600 omnia
779 2542 919 2623 tendunt,

198 2637 232 2689 ut
255 2636 324 2689 sunt
345 2632 437 2690 missa
459 2628 564 2710 semel;
587 2637 765 2708 quapropter
788 2648 911 2691 cernere
934 2648 1021 2691 nemo
1097 2653 1143 2694 aro

199 2724 299 2796 saepta
322 2719 399 2777 intra
420 2720 499 2796 potis
522 2724 581 2797 est,
603 2723 741 2776 atroces
764 2719 899 2796 accipere
922 2713 1044 2796 extrui

127 2821 180 2872 ⁶95
199 2812 341 2866 ettamen
355 2806 419 2883 ipsa
433 2823 550 2884 quoque
563 2804 645 2883 haec,
659 2803 729 2863 dum
740 2807 848 2864 transit
857 2804 956 2866 clausa
965 2803 1143 2888 domorum,

128 2909 254 2959 611vox
278 2893 451 2970 optunditur
473 2900 561 2970 atque
584 2893 664 2952 auris
688 2891 809 2952 confusa
831 2899 980 2974 penetrat,

199 2987 229 3040 et
252 2982 382 3040 sonitum
404 2981 504 3058 potius
526 2997 614 3058 quam
636 2978 725 3040 verba
748 2979 849 3040 audire
872 2980 1016 3042 videmur.

241 3068 312 3147 Nec,
335 3070 402 3146 quis
425 3070 570 3128 sentimus
593 3084 706 3146 sucum,
727 3066 827 3144 lingua
847 3074 934 3145 atque
952 3067 1083 3147 palatum
1097 3091 1144 3134 ers

197 3154 364 3233 plusculum
386 3155 496 3218 habent
518 3157 550 3214 in
573 3172 605 3214 se
628 3156 751 3214 rationis
774 3153 840 3232 plus
864 3173 1017 3233 operaeve.

127 3257 179 3306 600
197 3244 343 3321 principio
366 3261 470 3304 sucum
494 3245 639 3303 sentimus
662 3243 692 3302 in
717 3259 781 3322 ore,
804 3241 902 3302 cibum
925 3261 992 3304 cum

128 3344 182 3394 616
197 3329 363 3388 mandendo
386 3332 592 3410 exprimimus,
615 3348 670 3390 ceu
692 3328 809 3408 plenam
833 3332 987 3408 spongiam
1008 3333 1097 3410 aquai

198 3417 291 3493 siquis
313 3416 389 3476 forte
411 3436 501 3479 manu
523 3434 659 3496 premere
682 3435 717 3478 ac
740 3419 851 3478 siccare
875 3421 981 3496 coepit

197 3501 266 3562 inde
289 3502 368 3580 quod
390 3507 582 3584 exprimimus
595 3523 659 3585 per
681 3503 779 3564 caulas
802 3521 889 3566 omne
911 3505 1002 3584 palati
1097 3530 1144 3572 cro
