2500 3882
594 261 633 316 IV
934 272 939 283 ’
1058 259 1123 326 105

107 423 169 478 326
183 416 213 471 et
235 409 347 469 feriunt
370 407 484 488 oculos,
506 407 654 469 turbantia
678 411 900 488 compositores.

183 504 337 577 praeterea
360 494 499 575 splendor
523 497 731 575 quicumquest
753 515 821 559 acer
844 498 942 558 adurit

185 602 272 664 saepe
295 582 396 645 oculos
419 584 486 644 ideo
510 584 588 663 quod
612 587 724 645 semina
746 584 880 665 possidet
902 587 979 664 ignis
1082 607 1128 648 ooo

184 672 288 754 multa,
311 672 442 732 dolorem
466 671 559 732 oculis
583 690 657 750 quae
680 675 804 752 gignunt
826 673 1011 735 insinuando.

111 777 166 828 315
184 761 280 821 lurida
301 767 455 840 praeterea
478 761 553 821 liunt
576 778 778 840 quaecumque
803 768 925 822 tuentur

112 865 168 916 331
185 850 312 930 arquatt,
336 849 404 927 quia
426 847 535 908 luroris
559 848 595 908 de
619 866 742 928 corpore
767 867 870 910 eorum

185 939 298 997 semina
320 935 411 996 multa
434 936 539 996 fluunt
552 936 718 997 simulacris
742 936 826 998 obvia
848 955 963 1018 rerum,

184 1023 335 1103 multaque
359 1031 428 1084 sunt
450 1023 543 1083 oculis
566 1026 598 1084 in
621 1042 725 1085 eorum
747 1025 875 1103 denique
898 1027 1002 1106 mixta,
1082 1047 1129 1086 aio

186 1131 261 1191 quae
283 1118 404 1190 contage
428 1130 481 1172 sua
503 1110 664 1190 palloribus
687 1115 785 1172 omnia
807 1115 940 1192 pingunt.

114 1214 168 1266 330
187 1218 203 1260 e
225 1198 357 1260 tenebris
381 1205 479 1260 autem
503 1217 577 1277 quae
601 1203 723 1260 suntin
747 1199 812 1260 luce
834 1207 953 1261 tuemur
1058 1221 1061 1228 ·

115 1291 341 1367 336‘propterea
363 1289 445 1368 quia,
468 1304 535 1347 cum
558 1290 680 1367 propior
702 1288 836 1366 caliginis
860 1293 911 1366 aer

187 1383 250 1437 ater
271 1377 328 1436 init
350 1375 450 1435 oculos
473 1377 556 1454 prior
578 1383 609 1435 et
629 1376 762 1455 possedit
785 1382 915 1456 apertos,

186 1465 354 1542 insequitur
376 1463 505 1523 caudens
530 1464 685 1524 confestim
707 1463 823 1525 lucidus
846 1469 911 1544 adr,
1082 1484 1122 1526 ars

187 1555 239 1631 qui
262 1552 347 1630 quasi
368 1558 474 1630 purgat
497 1569 548 1611 eos
571 1569 605 1612 ac
627 1554 726 1630 nigras
750 1552 870 1612 discutit
893 1549 1012 1612 umbras

116 1656 168 1706 335
187 1641 266 1700 aeris
288 1639 381 1699 illius:
403 1657 471 1699 nam
492 1637 595 1699 multis
617 1638 750 1718 partibus
772 1639 822 1699 hic
845 1647 891 1700 cst

116 1743 169 1794 341
186 1726 324 1788 mobilior
346 1726 505 1805 mrdtisque
528 1729 671 1788 minutior
693 1734 722 1788 et
740 1745 823 1806 mage
841 1727 964 1806 pollens.

188 1817 240 1894 qui
262 1814 350 1874 simrd
372 1821 460 1892 atque
482 1817 545 1875 vias
569 1815 722 1876 oculorum
744 1816 810 1876 luce
832 1815 957 1895 replevit

187 1910 274 1981 atque
297 1903 448 1982 patefecit,
472 1921 544 1981 quas
567 1910 634 1963 ante
658 1903 814 1964 obsederat
836 1909 887 1963 aer
1084 1925 1124 1968 aro

188 1999 264 2071 ater,
287 1991 425 2050 continuo
448 2008 548 2050 rerum
572 1991 727 2051 simulacra
751 1998 905 2072 secuntur,

117 2095 169 2144 330
189 2097 263 2158 quae
287 2081 342 2138 sita
365 2080 488 2138 suntin
511 2078 590 2158 luce,
612 2078 819 2157 lacessuntque
841 2086 875 2139 ut
896 2077 1056 2140 videamus.

117 2181 172 2233 346
188 2167 267 2245 quod
290 2166 511 2226 contrafacere
534 2165 720 2226 intenebris
744 2185 760 2226 e
784 2165 849 2225 luce
872 2168 1029 2244 nequimus
1084 2189 1123 2228 ato

187 2261 344 2334 propterea
367 2255 436 2332 quia
457 2255 605 2333 posterior
628 2252 760 2332 caliginis
784 2258 836 2313 atr

188 2344 317 2403 crassior
338 2344 519 2422 insequitur,
541 2344 592 2420 qui
615 2349 720 2403 cuncta
743 2342 886 2401 foramina
909 2341 1036 2420 complet
1084 2363 1124 2404 seo

189 2429 357 2508 obsiditque
379 2433 441 2490 rias
465 2429 631 2511 oculorum,
653 2448 691 2490 ne
714 2429 871 2490 simulacra

118 2535 168 2584 333
188 2520 303 2598 possint
324 2517 449 2578 ullarum
473 2535 573 2578 rerum
595 2520 728 2578 coniecta
751 2535 878 2577 movere.

118 2621 168 2673 351
187 2605 402 2685 quadratasque
425 2605 529 2684 procul
551 2609 643 2666 turris
666 2624 734 2666 cum
757 2607 906 2666 cernimus
930 2605 1027 2687 urbis,

188 2701 346 2773 propterea
367 2695 401 2752 lit
421 2695 467 2753 uti
488 2694 644 2754 videantur
666 2711 754 2772 saepe
777 2693 935 2774 rutundae‚

188 2781 313 2860 angulus
335 2787 458 2859 optusus
482 2783 549 2860 quia
571 2782 657 2861 longe
681 2783 812 2842 cernitur
835 2783 943 2861 omnis,
1085 2803 1124 2844 aas

189 2873 251 2930 sive
275 2871 363 2930 etiam
385 2871 485 2948 potius
509 2888 568 2929 non
591 2872 723 2930 cernitur
745 2887 779 2928 ac
801 2871 879 2948 perit
902 2871 966 2928 eius
1121 2881 1124 2894 '

118 2973 170 3023 340
188 2957 273 3037 plaga
295 2976 351 3018 nec
374 2957 410 3016 ad
433 2963 550 3017 nostras
572 2960 651 3018 acies
674 2955 837 3036 perlabitur
859 2958 950 3036 ictus,

118 3061 173 3112 356
187 3051 255 3106 aera
277 3045 479 3124 permultum
502 3047 570 3122 quia
593 3045 663 3105 dum
687 3044 843 3104 simulacra
865 3044 1014 3124 feruutur,

189 3135 268 3212 cogit
289 3132 450 3194 hebescere
473 3151 541 3192 eum
564 3132 677 3192 crebris
701 3131 862 3191 offensibus
885 3135 943 3190 adr.

187 3222 245 3282 boc
267 3221 320 3281 uhi
341 3222 462 3299 suffugit
485 3238 605 3281 sensum
628 3220 716 3280 simul
739 3217 864 3297 angulus
887 3221 998 3300 omnis,
1085 3242 1133 3282 sco

188 3311 222 3371 lit
246 3311 330 3388 quasi
352 3317 384 3370 ut
407 3310 443 3369 ad
466 3316 585 3369 tornum
608 3325 746 3368 saxorum
769 3313 880 3367 structa
903 3314 1035 3368 tuamur:

118 3415 170 3464 aas
188 3413 251 3458 non·
271 3405 369 3458 tamen
392 3405 425 3458 ut
448 3415 546 3457 coram
570 3415 643 3475 quae
668 3403 737 3458 sunt
753 3395 886 3474 'vereque
909 3396 1050 3476 rutunda,

119 3485 240 3552 361sed
263 3488 348 3564 quasi
370 3485 566 3546 adumbratim
588 3486 708 3565 paulum
731 3484 867 3546 simulata
888 3485 1033 3545 videntur.
1051 3481 1062 3562 ΙΙ

187 3573 293 3634 umbra
315 3573 432 3634 videtur
454 3575 525 3634 item
549 3573 635 3634 nobis
657 3575 689 3632 in
713 3571 774 3631 sole
796 3575 910 3632 moveri
