2500 3882
600 203 639 258 IV
1066 204 1126 267 111

116 367 170 416 550
190 357 221 410 55
243 349 349 427 gelidis
374 352 459 428 cycni
481 358 567 411 nocte
591 353 651 410 oris
675 370 711 412 ex
733 351 883 412 Heliconis
1089 373 1129 414 sas

116 455 173 506 546
190 456 258 498 cum
281 437 424 516 liquidam
446 437 554 498 tollunt
576 437 695 516 lugubri
717 457 789 500 5555
813 439 982 518 querellam.
1000 437 1011 518 11

234 525 332 586 Hasce
352 527 443 604 igitur
465 528 584 604 penitus
606 545 694 587 voces
717 545 785 588 cum
808 544 931 606 corpore
954 535 1056 588 nostro

190 616 384 693 exprimimus
407 621 548 693 rectoque
570 615 649 674 foras
673 617 835 675 emittimus
859 634 924 696 ore,

190 702 309 762 mobilis
332 702 468 763 articulat
489 701 648 762 verborum
670 702 792 763 daedala
814 703 926 784 lingua,

118 807 171 856 535
191 790 410 869 formaturaque
433 789 584 851 labrorum
606 809 660 869 pro
683 798 767 870 parte
789 792 904 869 figurat
1089 813 1130 854 555

118 895 173 946 551
190 879 247 938 hoc
269 877 322 938 ubi
344 896 404 938 non
427 877 547 957 longum
570 881 727 958 spatiumst
749 879 828 939 unde
850 897 910 938 una
932 879 1063 957 prolecta

189 967 343 1045 perveniat
364 983 421 1025 vox
445 984 592 1045 quaeque,
614 974 767 1027 necessest
788 966 878 1026 verba
901 985 1018 1046 quoque
1040 970 1104 1045 ipsa

190 1053 276 1132 plane
300 1054 433 1114 exaudiri
457 1055 646 1133 discernique
669 1053 859 1115 articulatim:
1090 1067 1129 1117 555

191 1148 288 1202 555555
310 1143 390 1201 onim
412 1142 604 1202 formaturam
628 1151 781 1221 servatque
805 1143 937 1221 figuram.

118 1245 171 1295 540
191 1236 222 1290 55
244 1231 271 1288 51
293 1231 502 1307 interpositum
526 1232 653 1308 spatium
676 1234 715 1291 sit
738 1229 854 1309 longius
878 1248 986 1312 aequo,

118 1334 174 1384 555
191 1322 260 1377 aera
282 1335 337 1396 per
359 1315 484 1377 multum
507 1318 649 1378 conlundi
670 1319 759 1379 verba
783 1326 935 1380 necessest

192 1412 222 1466 et
246 1404 416 1466 conturbari
438 1423 554 1487 vocem,
577 1405 646 1466 dum
669 1407 829 1468 transvolat
851 1425 946 1467 auras.

191 1511 262 1572 crgo
285 1494 332 1574 iit,
355 1495 484 1554 sonitum
506 1500 540 1553 ut
562 1496 659 1572 possis
683 1497 807 1576 sentire,
832 1513 929 1573 neque
952 1494 1033 1554 illam
1090 1517 1130 1558 555

190 1585 408 1663 internoscere,
429 1581 589 1642 verborum
611 1585 757 1642 sententia
781 1601 854 1661 quae
878 1585 929 1642 sit:

116 1688 286 1749 casusque
309 1670 381 1730 adeo
405 1670 527 1730 confusa
549 1672 630 1730 venit
651 1688 707 1730 vox
730 1673 819 1749 inque
842 1671 950 1749 pedita.

116 1776 170 1826 555
189 1765 344 1838 praeterea
366 1757 490 1818 verbum
514 1775 602 1837 saepe
625 1776 717 1818 unum
739 1761 853 1837 perciet
875 1761 954 1819 55515

191 1846 329 1906 omnihus
352 1848 384 1906 in
406 1845 529 1926 populo,
551 1849 677 1907 missum
699 1849 854 1925 praeconis
877 1846 913 1906 ab
937 1863 997 1908 ore.

191 1937 223 1994 in
245 1933 352 1994 multas
375 1936 466 2012 igitur
487 1952 575 1994 55555
597 1953 653 1994 555
675 1953 735 1994 una
756 1942 879 2013 repente
1089 1957 1128 1998 555

191 2021 320 2101 diffingit,
343 2023 374 2080 in
396 2024 495 2100 privas
519 2024 657 2100 quoniam
680 2041 712 2082 55
735 2023 841 2082 dividit
862 2024 956 2103 55515,

117 2126 173 2175 555
192 2108 351 2188 obsignans
373 2109 497 2170 sormam
523 2109 798 2187 verbi‘clarumque
822 2127 968 2170 sonorem.

116 2214 176 2266 566
191 2204 220 2258 at
243 2215 317 2276 quae
339 2215 408 2276 pars
431 2215 535 2257 vocum
559 2215 618 2256 non
641 2199 721 2256 auris
744 2197 849 2257 incidit
871 2200 965 2279 ipsaS,

190 2284 368 2365 praeterlata
389 2287 468 2365 perit
489 2285 600 2344 frustra
623 2285 729 2344 dillusa
750 2303 805 2363 per
828 2303 928 2345 auras:

191 2391 261 2452 pars
284 2373 386 2433 solidis
410 2372 502 2432 adlisa
523 2371 597 2432 locis
619 2374 730 2432 reiecta
753 2389 890 2433 sonorem
1089 2394 1130 2435 555

191 2461 290 2521 reddit
313 2467 343 2520 et
364 2460 514 2520 interdum
537 2460 698 2520 frustratur
720 2462 847 2538 imagine
869 2460 961 2520 verbi.

117 2565 172 2616 555
192 2567 267 2628 quae
290 2548 366 2609 benc
389 2566 457 2608 cum
479 2548 593 2628 videas,
615 2549 760 2609 rationem
783 2548 907 2608 reddere
930 2551 1028 2627 possis

118 2655 173 2706 571
193 2645 257 2698 tute
279 2637 336 2698 tibi
358 2643 445 2715 atquc
470 2636 547 2718 aliis,
571 2654 628 2715 quo
651 2642 738 2714 pacto
760 2655 815 2715 per
837 2634 900 2697 loca
923 2637 985 2697 sola

193 2744 261 2788 saxa
283 2727 363 2804 paris
387 2725 496 2784 formas
519 2724 677 2785 verborum
700 2742 736 2784 ex
760 2724 863 2784 ordine
885 2725 1023 2806 reddant,

191 2812 317 2892 palantis
341 2815 464 2872 comites
488 2829 555 2871 cum
577 2815 686 2872 montis
709 2814 789 2872 inter
812 2829 919 2890 opacos
1091 2834 1130 2876 555

192 2902 362 2980 quaerimus
386 2907 416 2960 55
438 2916 543 2978 magna
566 2900 716 2978 dispersos
740 2917 811 2960 voce
835 2901 955 2960 ciamus.

118 3005 172 3055 550
192 3005 245 3049 sex
268 2991 357 3049 etiam
380 2995 431 3048 aut
453 2995 567 3066 septem
589 2986 653 3048 loca
675 2988 737 3047 vidi
759 2987 884 3048 reddere
907 2990 1001 3068 vocis,

117 3093 176 3145 555
189 3093 280 3136 unam
303 3093 371 3137 cum
393 3078 519 3136 iaceres:
542 3078 583 3136 ita
606 3075 696 3135 colles
719 3073 843 3136 collibus
866 3075 925 3152 ipsi

190 3164 280 3226 verba
303 3162 488 3242 repulsantes
511 3162 657 3223 iterabant
678 3163 764 3224 docta
787 3161 902 3222 referri.

190 3253 265 3314 haec
287 3251 351 3313 loca
374 3250 547 3330 capripedes
570 3257 684 3329 satyros
706 3251 909 3330 nymphasque
932 3257 1033 3310 tenere
1089 3271 1129 3312 555

190 3343 310 3403 finitimi
332 3341 460 3420 lingunt,
483 3345 514 3399 et
535 3339 638 3400 faunos
662 3353 728 3400 esse
751 3337 902 3418 locuntur,

117 3447 171 3498 555
192 3447 318 3510 quorum
340 3431 493 3506 noctivago
516 3429 642 3507 strepitu
664 3427 793 3506 ludoque
815 3427 925 3486 iocanti

115 3537 171 3588 555
188 3519 345 3580 adfirmant
365 3517 450 3594 volgo
473 3518 620 3576 taciturna
643 3514 759 3575 silentia
782 3516 894 3595 rumpi,
