2496 3876
119 251 196 305 XXX
482 249 764 309 PROLEGOMENA.

122 395 306 480 992-995,
333 399 372 460 ΠΙ
396 397 579 481 337-349,
603 398 787 481 632-667,
811 396 995 480 840-858,
1017 397 1123 461 909-

122 484 195 568 915,
217 487 254 546 IV
276 485 460 570 307-346,
483 485 667 570 525-531,
690 487 875 569 oss—703,
896 489 920 548 V
942 485 1131 551 842-864.

122 576 264 636 accedunt
286 575 304 637 l.
327 576 363 636 Vl
385 595 429 637 vv.
453 574 628 639 833-840
651 574 886 639 01941-943.

209 664 243 726 ln
262 683 365 725 eornm
384 667 523 726 carminis
542 666 743 726 membrorum
762 683 894 747 numero,
912 683 987 744 quae
1009 665 1132 746 seclusi,

122 760 191 813 sunt
219 771 292 832 quae
323 753 373 813 alii
405 753 461 813 alio
488 753 707 833 transponendo
736 755 875 814 carminis
902 756 1132 814 continuitatem

122 859 153 902 se
186 844 342 903 restituere
370 858 457 922 posse
485 842 543 901 sibi
570 844 626 902 visi
654 844 720 902 sint.
770 844 849 902 inter
876 859 950 919 quos
976 841 1132 921 Adolpbus

120 928 358 1007 llanncngicsser
384 930 580 991 nominandus
608 937 666 1010 cst,
693 931 745 1009 qui
773 929 809 990 de
834 929 965 990 Lucretii
991 929 1131 991 versibus

120 1015 348 1096 transponendis
362 1020 483 1097 scripsit
497 1017 650 1097 Gottingae
667 1015 729 1081 187
732 1017 761 1081 8.
798 1036 852 1096 ego
870 1036 940 1078 vero
953 1017 1009 1078 boc
1023 1020 1131 1097 utique

120 1107 211 1186 tenui,
229 1110 271 1186 ut,
294 1105 388 1167 sicubi
410 1104 532 1167 dubium
554 1113 634 1167 esset
656 1113 775 1166 rectene
799 1105 889 1186 aliqui
911 1123 1015 1167 versus
1038 1106 1132 1167 alium

120 1195 152 1254 in
183 1192 281 1253 locum
308 1194 540 1255 transferrentur
566 1212 673 1276 necne,
701 1194 885 1256 secluderem
911 1197 1010 1274 potius
1039 1213 1130 1274 quam

120 1279 176 1342 alio
195 1284 323 1360 migrare
337 1281 479 1343 iuberem.
511 1301 579 1344 nam
598 1283 760 1345 cavendum
772 1283 935 1364 videbatiu,
953 1301 991 1343 ne
1009 1282 1133 1361 longius

121 1388 208 1449 quam
226 1377 256 1430 et
275 1389 349 1451 opus
369 1379 398 1431 et
415 1389 469 1450 par
490 1379 562 1452 erat,
580 1391 596 1432 a
615 1372 722 1432 tradito
741 1373 1003 1450 argumentationis
1023 1372 1131 1432 ordine

120 1459 317 1520 recederetur.
352 1460 430 1539 qnod
455 1463 518 1521 cavi
536 1479 603 1520 cum
622 1460 694 1521 alias
712 1467 775 1520 tum
793 1462 825 1519 in
842 1459 912 1521 libri
929 1461 1011 1520 tertii
1029 1460 1130 1521 media

120 1554 213 1628 parte,
231 1547 283 1608 ubi
303 1547 497 1608 Susemihlius
516 1547 630 1608 nullum
648 1549 710 1607 iere
729 1547 937 1624 disputationis
959 1547 1129 1609 membrum

120 1654 173 1696 suo
201 1634 266 1696 loco
294 1637 414 1714 retinet,
437 1637 478 1695 ita
503 1642 615 1714 lamen,
637 1641 671 1695 ut
697 1637 760 1713 ipse
790 1634 937 1713 duplicem
965 1653 1030 1694 csse
1059 1644 1129 1715 apte

119 1731 218 1802 partes
250 1722 427 1800 disponendi
452 1723 529 1782 riam
559 1722 712 1801 concedat,
739 1721 838 1800 philol.
866 1721 968 1781 XXVII
993 1718 1037 1783 49
1061 1741 1129 1803 sqq.

120 1814 217 1889 itaque
237 1829 301 1890 ego,
318 1817 352 1870 ut
369 1811 401 1869 in
419 1828 452 1869 rc
471 1811 668 1870 incertissima
687 1843 724 1853 -
746 1827 814 1870 nam
833 1809 912 1870 aliud
930 1817 1046 1889 poterat
1064 1812 1128 1872 dia-

119 1899 242 1959 lecticus
270 1899 301 1958 in
323 1896 477 1978 partiendo
504 1906 534 1958 et
556 1898 738 1977 disponendo
763 1901 847 1977 sequi
870 1898 948 1958 aliud
971 1906 1059 1977 poeta
1082 1933 1126 1944 -
1234 1907 1235 1922 ¹

119 1987 162 2046 ibi
191 2005 206 2046 a
238 1986 312 2046 locis
339 1986 566 2064 transponendis
595 2005 642 2046 me
671 1985 813 2066 abstinui,
840 1989 899 2047 nisi
927 1987 1005 2065 quod
1032 1987 1126 2049 Lach-

118 2091 259 2134 mannum
287 2081 405 2134 secutus
433 2091 499 2133 sum
526 2093 569 2134 vv.
597 2071 772 2137 686-689
800 2077 879 2135 inter
906 2071 971 2137 694
1003 2083 1033 2136 et
1060 2074 1126 2138 695

119 2166 308 2224 inserentem.
351 2170 420 2223 sunt
437 2180 508 2222 vero
532 2165 620 2223 etiam
644 2162 717 2224 aliae
740 2163 897 2223 nonnullae
920 2164 953 2223 in
975 2162 1025 2223 illo
1049 2163 1126 2224 libro
1233 2160 1234 2175 ¹

119 2253 364 2330 transpositiones
391 2250 427 2310 ab
455 2250 592 2312 omnibus
618 2250 772 2332 probatae,
795 2250 831 2310 de
855 2250 962 2330 quibus
990 2252 1038 2312 bic
1067 2252 1126 2313 dici

119 2358 192 2419 opus
215 2359 274 2400 non
297 2347 350 2400 est.

206 2427 294 2488 Plura
320 2431 352 2489 in
380 2430 487 2489 ceteris
514 2427 599 2488 libris
627 2429 808 2508 transposui,
836 2434 885 2488 aut
913 2427 1125 2489 Susemihlium
1232 2413 1233 2429 ³

118 2515 374 2576 Bockemirllcrum
391 2511 556 2594 Bergkium
573 2515 748 2575 Munronem
767 2515 1032 2595 Stuerenburgium
1051 2517 1124 2577 alios

119 2610 240 2665 secutus
258 2610 308 2664 aut
326 2605 389 2683 ipse
409 2605 453 2663 rei
472 2610 581 2664 auctor.
623 2605 699 2663 scias
717 2621 787 2662 vero
806 2622 853 2664 me
872 2622 1011 2665 versuum
1029 2612 1124 2665 trans·
1231 2669 1232 2681 ,

119 2693 300 2772 positionum
314 2692 476 2770 antiquitus
490 2691 526 2751 ab
541 2691 677 2750 omnibus
691 2690 880 2770 probatarum
895 2710 931 2752 ne
946 2693 994 2754 bic
1005 2694 1125 2772 quidem

118 2781 299 2841 mentionem
317 2779 422 2840 iacere.
463 2780 495 2839 in
513 2780 609 2859 primo
629 2779 720 2857 igitur
738 2777 814 2838 libro
834 2798 901 2840 cum
920 2780 1074 2842 Stuerenb.
1095 2789 1125 2842 ct

118 2869 200 2930 Bkm.
215 2887 258 2928 vv.
273 2864 338 2930 205
353 2885 416 2946 sqq.
434 2874 502 2947 post
516 2864 581 2927 214
598 2900 639 2909 -
656 2869 688 2926 in
706 2868 985 2947 transpositionibus
999 2869 1124 2931 Leiden-
1230 2891 1231 2902 ¹

119 2960 202 3061 sium·
214 2957 515 3059 numerisutorpqui
532 2955 623 3015 iidem
642 2962 710 3016 sunt
727 2953 957 3058 Lachmapniani
972 2991 1013 3000 —
1027 2966 1124 3018 trans-

118 3063 274 3195 tiled
289 3041 1016 3213 tiltll,llllllllsltltl..llllll
1031 3042 1125 3193 xiid

119 3217 184 3283 625
208 3239 251 3300 sq.
273 3221 395 3299 prolatis
421 3220 535 3281 ductus.
582 3223 613 3281 in
638 3220 729 3280 altero
752 3220 828 3280 libro
851 3239 894 3281 vv.
918 3217 984 3282 454
1007 3228 1037 3282 et
1058 3218 1125 3284 455

119 3310 216 3370 locum
248 3316 361 3369 mutare
389 3311 476 3391 iussi,
503 3311 575 3368 item
601 3305 776 3371 464-477
804 3311 883 3369 inter
909 3305 976 3371 454
1003 3317 1032 3370 et
1058 3307 1124 3372 456

120 3399 267 3477 collocavi,
288 3392 472 3477 655-659,
492 3393 556 3458 680
578 3405 646 3476 post
669 3394 743 3479 651,
762 3394 936 3460 817-825
960 3406 1026 3458 ante
1051 3396 1125 3480 795,

119 3484 184 3547 923
205 3491 273 3546 ante
292 3481 366 3564 915,
386 3481 470 3546 1139
491 3503 534 3565 sq.
552 3493 620 3564 post
640 3483 734 3566 1143,
758 3505 800 3546 vv.
824 3485 950 3564 denique
976 3483 1061 3549 1168
1081 3505 1123 3566 sq.

118 3582 185 3653 post
205 3570 300 3654 1172,
319 3591 444 3652 quarum
467 3576 599 3635 omnium
621 3575 883 3653 transpositionem
907 3593 1003 3654 neque
1025 3578 1124 3635 minus
