2500 3882
599 223 640 278 ῙΠ
1083 228 1124 292 81

188 390 264 452 quos
286 378 353 432 ante
376 372 408 430 in
431 372 530 431 nervis
554 377 584 431 et
607 373 639 432 in
661 374 726 451 ipso
751 391 875 452 corpore
897 374 1009 453 agebat.
1085 397 1125 439 era

188 477 279 540 quare
303 461 392 519 etiam
414 465 502 537 atque
525 460 613 519 etiam
636 459 767 520 resoluto
791 464 924 540 corporis
948 464 1029 522 omni

109 550 318 626 contegmina
341 553 370 607 et
393 548 497 607 eiectis
520 553 603 607 extra
625 547 764 609 vitalibus
787 552 867 609 auris

187 634 312 696 dissolui
335 651 441 694 sensus
464 636 555 695 enimi
578 635 687 696 fateare
710 645 863 698 necessest

187 731 277 803 atque
299 724 440 802 animam,
463 725 601 801 quoniam
624 725 809 785 coniunctast
831 744 919 786 eausa
942 725 1066 787 duobus

232 810 365 889 Denique
389 825 462 871 eum·
479 828 588 890 corpus
610 819 739 890 nequeat
760 813 894 891 perterre
918 815 1026 874 animai
1084 835 1125 877 sco

188 899 359 978 discidium,
383 900 455 976 quin
478 900 509 958 in
531 905 625 958 taetro
648 899 780 960 tabescat
802 901 905 982 odore,

61 1043 67 1052 ,
111 1005 168 1056 555
188 987 260 1066 quid
284 985 401 1046 dubitas
424 988 497 1064 quin
519 1003 556 1046 ex
579 987 638 1046 imo
661 990 839 1066 penitusque
862 997 962 1050 coorta

188 1077 333 1136 emanarit
355 1075 400 1134 nti
422 1074 520 1134 tumus
543 1074 651 1135 diliirsa
673 1078 788 1137 animae
810 1079 868 1158 ris,

189 1171 277 1241 atque
300 1162 367 1222 ideo
390 1168 470 1221 tanta
492 1169 638 1223 mutatum
660 1171 747 1242 putre
770 1167 856 1225 ruina

187 1250 351 1312 conciderit
374 1267 496 1330 corpus,
518 1252 638 1329 penitus
662 1254 731 1330 quia
754 1259 833 1312 mota
854 1252 919 1314 loco
944 1259 1014 1315 sunt
1084 1275 1124 1317 scs

187 1339 390 1418 fundamenta,
413 1338 491 1397 loras
513 1345 651 1398 manante
675 1342 772 1399 anima
794 1358 889 1418 usque
912 1359 966 1420 per
989 1348 1070 1401 anns

112 1444 167 1495 585
187 1445 301 1506 perque
324 1429 437 1486 viarum
461 1427 558 1485 omnis
581 1425 690 1507 flexus,
713 1429 745 1487 in
768 1445 892 1506 corpore
916 1431 968 1506 qni
991 1436 1072 1509 sunt,

188 1522 276 1593 atque
300 1508 464 1574 foramina?
499 1512 681 1574 multimodis
703 1521 737 1575 ut
758 1533 881 1576 noscere
904 1518 1002 1594 possis

188 1603 373 1682 dispertitam
396 1602 510 1661 animae
533 1608 670 1662 naturam
692 1604 789 1663 exisse
811 1622 866 1683 per
889 1611 971 1665 artus

188 1698 219 1751 et
240 1693 324 1768 prius
347 1707 412 1750 esse
436 1688 494 1749 sibi
516 1688 687 1751 distractam
711 1710 835 1771 corpore
857 1695 889 1753 in
912 1695 991 1775 ipso,
1084 1715 1124 1757 mo

187 1796 277 1857 qnam
298 1777 433 1857 prolapsa
456 1776 535 1837 foras
558 1787 661 1840 enaret
683 1782 715 1841 in
738 1783 815 1840 aeris
837 1799 932 1842 auras.

112 1885 169 1935 595
188 1859 198 1950 ll
211 1869 284 1945 quin
307 1867 395 1926 etiam
417 1865 486 1926 linis
509 1865 580 1927 dum
602 1870 679 1929 ritae
701 1870 827 1928 vertitur
849 1871 940 1950 intra,

188 1972 276 2032 saepe
299 1953 395 2032 aliqua
416 1959 517 2014 tamen
539 1973 555 2014 e
579 1973 666 2017 causa
688 1955 829 2016 labefacta
852 1956 969 2017 ridetur

187 2045 232 2103 ire
256 2043 351 2102 anima
374 2059 409 2101 ae
431 2048 493 2102 toto
517 2041 592 2102 solui
615 2042 651 2102 de
675 2061 799 2121 corpore
821 2039 907 2124 nelle,

187 2137 219 2191 et
241 2132 326 2208 quasi
347 2147 487 2207 supremo
510 2128 701 2206 languescere
723 2137 857 2208 tempore
879 2130 988 2209 voltus,
1084 2153 1123 2194 ros

186 2217 344 2296 molliaque
369 2219 511 2294 exsangui
535 2216 640 2276 cadere
665 2220 762 2276 omnia
785 2233 907 2295 corpore
928 2218 1069 2278 membre.

110 2323 168 2375 595
188 2306 267 2385 quod
290 2323 383 2383 genus
406 2312 466 2385 est,
489 2306 587 2364 animo
610 2303 687 2364 male
711 2304 819 2364 lactum
842 2323 909 2364 cum
931 2304 1105 2383 perhihetm

187 2401 238 2455 aut
261 2396 388 2454 animam
410 2393 546 2472 liquisse;
570 2391 621 2452 uhi
644 2394 702 2451 inm
725 2392 891 2470 trepidatur
913 2399 943 2452 et
966 2410 1069 2453 omnes

188 2488 353 2542 extremum
376 2482 501 2559 cupiunt
523 2481 599 2539 vitae
622 2480 841 2558 reprehendere
863 2479 1005 2541 vinclum:

188 2574 401 2648 conquassatur
425 2569 504 2628 enim
527 2573 591 2627 tum
614 2585 699 2628 mens
722 2571 893 2647 animaeque
916 2577 1047 2648 potestas
1083 2591 1123 2632 eoo
1241 2591 1242 2596 ¹

187 2659 297 2736 omnis,
320 2663 351 2716 et
372 2656 445 2716 haec
468 2658 534 2734 ipso
557 2674 625 2716 cum
648 2673 772 2733 corpore
795 2656 1005 2739 conlaheliunt3

111 2763 168 2814 sco
187 2752 221 2805 ut
242 2747 359 2823 gravior
380 2744 467 2824 paulo
490 2745 584 2822 possit
607 2742 769 2804 dissolvere
792 2763 888 2805 causa.

187 2833 258 2913 quid
282 2832 399 2894 dubitas
422 2832 540 2893 tandem
563 2834 636 2910 quin
658 2838 741 2892 extre
763 2833 878 2910 prodita
902 2850 1010 2912 corpus

186 2920 324 2981 inbecilla
347 2921 440 3000 loras,
462 2922 494 2979 in
517 2926 633 2999 aperto,
655 2921 785 2998 tegmine
809 2920 942 3000 dempto,

79 3056 82 3062 .
185 3026 246 3068 non
269 3008 356 3068 modo
378 3026 439 3068 non
462 3024 579 3067 omnem
601 3010 698 3085 possit
719 3008 826 3068 durare
849 3026 904 3086 per
926 3025 1040 3088 aevom,
1083 3029 1123 3070 soe

187 3096 239 3156 sed
266 3098 422 3156 minimum
450 3094 573 3174 quodvis
601 3102 730 3173 nequem
753 3097 917 3156 consistere
939 3091 1079 3184 tempus?
1095 3094 1106 3175 ΙΙ

111 3198 167 3250 505
185 3202 242 3244 nec
266 3183 324 3244 sihi
346 3185 426 3243 enim
450 3184 606 3261 quisquam
628 3185 759 3244 moriens
784 3184 895 3243 sentire
919 3183 1035 3244 ridetur

185 3274 231 3332 irc
255 3273 333 3332 toras
356 3273 483 3331 animam
506 3269 685 3332 incolumem
708 3271 744 3331 de
768 3287 893 3349 corpore
916 3277 991 3352 toto,

186 3378 243 3421 nec
265 3361 349 3439 prins
372 3358 565 3437 adiugnlum
588 3366 618 3419 et
641 3377 764 3437 superas
787 3359 947 3420 succedere
970 3359 1083 3439 lauces,

184 3467 288 3509 rerum
311 3447 437 3508 delicere
460 3449 492 3507 in
515 3453 595 3507 certa
618 3449 738 3525 regione
761 3446 898 3528 locatam;
1083 3469 1123 3509 no

184 3543 219 3597 ut
241 3554 346 3597 sensus
369 3534 443 3595 alios
466 3537 498 3595 in
520 3537 598 3614 parti
620 3553 766 3614 quemque
790 3553 842 3595 sua
865 3537 922 3595 soit

165 3647 310 3689 numanus.
323 3645 358 3686 ed.
372 3645 499 3695 Briegor.
889 3641 905 3688 6
