2512 3874
591 234 630 288 VI
1052 228 1111 296 181

102 387 162 440 545
178 380 282 442 subter
303 379 355 441 ubi
378 383 506 459 ingentis
531 380 685 459 speluncas
709 380 826 442 subruit
849 388 942 442 aetas:
1076 401 1116 443 555

102 486 161 534 oto
181 471 290 549 quippe
314 468 430 529 cadunt
445 471 500 529 toti
522 477 652 550 montes,
675 485 838 548 magnoque
861 475 982 549 repente

178 575 325 618 concussu
348 556 405 616 late
429 557 601 637 disserpunt
622 558 692 618 inde
714 565 874 638 tremores3

179 653 209 706 et
231 647 351 725 merito,
375 647 513 723 quoniam
534 645 660 723 plaustri
682 663 825 707 concussa
846 650 1030 705 tremescunt

177 740 268 814 tecta,
290 735 368 792 viam
389 739 523 814 propter,
546 752 606 794 non
627 751 734 812 magno
756 734 888 813 pondere
911 739 984 813 tota,

103 827 234 882 550555
257 823 355 880 minus
379 819 512 882 exultant
533 840 596 902 res,
619 829 652 882 ut
674 821 740 900 lapi’
765 839 890 900 cumque
913 822 971 880 viai
1076 839 1116 881 555

103 909 303 976 55515555555
326 911 477 987 utrimque
499 916 631 970 rotarum
655 912 783 970 succutit
805 909 901 969 orbes.

178 997 212 1056 515
236 1014 366 1076 quoque,
388 997 440 1057 ubi
463 999 494 1057 in
517 1015 636 1076 magnas
661 1015 749 1058 aouae
773 1004 928 1075 vastasque
952 995 1070 1056 lacunas

86 1083 90 1086 ’
178 1082 262 1162 gleba
286 1091 429 1145 vetustate
453 1103 468 1144 e
492 1091 571 1145 terra
594 1084 776 1164 provolvitur
797 1088 915 1164 ingens,

178 1179 212 1232 ut
233 1174 358 1232 iactetur
381 1191 472 1250 aquae
495 1173 588 1233 fluctu
611 1192 728 1252 quoque
750 1180 830 1234 terra
852 1171 1005 1252 vacillans3

102 1266 211 1321 55555
233 1278 283 1320 vas
305 1258 459 1321 intertium
481 1278 541 1320 non
564 1263 628 1339 quit
651 1269 799 1341 constare,
821 1262 881 1321 nisi
904 1277 989 1320 umor
1045 1274 1047 1276 ·
1075 1280 1114 1322 555

103 1364 160 1414 550
179 1348 293 1407 destitit
315 1350 347 1408 in
369 1347 459 1408 dubio
483 1348 575 1409 fluctu
596 1351 735 1410 iactarier
757 1352 845 1409 intus.

222 1435 378 1496 Praeterea
400 1443 505 1497 ventus
529 1455 596 1496 curn
618 1455 672 1516 per
694 1436 758 1498 loca
782 1436 907 1497 subcava
930 1443 1027 1496 terrae

178 1521 318 1584 collectus
341 1530 425 1602 parte
448 1542 484 1584 er
507 1542 566 1584 una
587 1525 756 1603 procumbit
778 1532 808 1584 et
830 1531 917 1602 urget

179 1610 304 1672 obnixus
326 1613 440 1688 magnis
464 1610 618 1689 speluncas
640 1612 753 1673 viribus
776 1610 862 1693 altas,

101 1705 162 1758 500
179 1698 324 1759 incumbit
346 1697 434 1759 tellus
458 1717 515 1778 quo
538 1702 618 1760 venti
640 1719 734 1779 prona
755 1702 865 1779 premit
886 1702 943 1760 vis:
1075 1721 1115 1762 555

102 1803 158 1853 585
178 1794 241 1848 tum
264 1805 372 1866 supera
393 1794 504 1847 terram
527 1806 602 1866 quae
625 1796 695 1849 sunt
717 1795 850 1849 extructa
873 1787 1041 1868 domorum,

178 1875 214 1936 ad
237 1874 409 1953 caelumque
432 1877 525 1953 magis
549 1882 657 1953 quanto
681 1883 751 1937 sunt
773 1876 851 1936 edita
874 1894 1021 1958 quaeque,

177 1961 318 2023 inclinata
340 1964 490 2022 minantur
513 1963 637 2024 eandem
659 1965 691 2023 in
713 1964 829 2043 prodita
851 1970 979 2045 partem,

177 2057 401 2130 protractaeque
424 2049 524 2110 trabes
547 2051 710 2129 inpendent
731 2054 775 2111 ire
797 2057 924 2128 paratae.

104 2143 161 2196 555
178 2145 208 2198 55
230 2144 365 2198 metuunt
387 2140 486 2216 magni
508 2145 644 2226 naturam
666 2137 788 2198 credere
811 2137 915 2198 mundi
1074 2161 1114 2203 555

104 2243 159 2292 550
178 2224 295 2286 exitiale
319 2225 436 2304 aliquod
458 2233 577 2303 tempus
599 2224 770 2304 clademque
792 2235 926 2306 manere,

179 2331 246 2373 cum
268 2314 387 2374 videant
408 2320 520 2374 tantam
542 2320 690 2374 terrarum
712 2313 884 2374 incumbere
907 2312 1028 2374 molem!

180 2401 258 2480 quod
281 2403 340 2461 nisi
363 2403 512 2480 respirent
534 2404 627 2482 venti,
649 2403 694 2462 vis
716 2400 795 2461 nulla
817 2401 948 2462 refrenet

178 2507 227 2548 555
250 2507 346 2567 neque
369 2489 405 2550 ab
429 2492 519 2550 exitio
542 2492 636 2569 possit
658 2489 878 2568 reprehendere
901 2492 1012 2551 euntis:

104 2582 161 2634 570
177 2595 257 2638 nunc
280 2579 348 2656 quia
371 2580 519 2656 respirant
541 2577 662 2638 alternis
685 2579 775 2656 inque
798 2585 974 2655 gravescunt
1075 2600 1115 2642 uo

104 2673 210 2730 55555
233 2668 317 2743 quasi
340 2664 456 2725 collecti
479 2665 604 2726 redeunt
626 2665 793 2743 ceduntque
815 2664 941 2746 repulsi,

178 2755 296 2832 saepius
318 2752 394 2813 hanc
418 2752 455 2812 ob
478 2771 542 2813 rem
564 2756 718 2813 minitatur
740 2759 820 2813 terra
842 2756 944 2814 ruinas

178 2859 265 2920 quam
288 2841 370 2900 lacit:
393 2840 553 2901 inclinatur
576 2844 656 2901 enim
678 2847 817 2919 retroque
839 2840 968 2921 recellit,

177 2936 207 2989 et
228 2930 335 3006 recipit
356 2927 493 3007 prolapsa
516 2946 584 2989 suas
607 2931 638 2989 in
661 2928 793 3008 pondera
816 2928 910 2988 sedes.

104 3016 231 3076 5751555
254 3017 345 3094 igitur
368 3017 480 3074 ratione
503 3015 640 3076 vacillant
663 3018 761 3076 omnia
783 3022 874 3095 tecta,
1074 3039 1114 3079 555

103 3119 157 3170 500
177 3121 291 3164 summa
313 3104 407 3180 magis
429 3101 549 3183 mediis,
572 3102 669 3163 media
691 3105 773 3182 imis,
796 3104 856 3162 ima
877 3101 1033 3181 perbilum.

219 3191 272 3251 Est
294 3191 367 3250 haec
385 3190 524 3251 'eiusdem
547 3208 663 3269 quoque
687 3188 786 3268 m'agni
809 3207 897 3250 causa
920 3193 1070 3272 tremoris,

174 3286 279 3340 ventus
308 3277 360 3338 ubi
382 3284 470 3356 atque
493 3280 606 3339 animae
631 3277 728 3338 subito
751 3279 796 3337 vis
818 3280 946 3340 maxima
970 3279 1113 3358 quaedam

175 3374 225 3429 aut
248 3368 434 3427 extrinsecus
458 3372 507 3426 aut
529 3368 594 3445 ipsa
616 3366 721 3428 tellure
744 3371 845 3426 coorta

103 3458 206 3516 55015
228 3454 293 3516 1555
316 3472 347 3514 55
371 3472 440 3514 cava
462 3457 554 3515 terrai
576 3458 716 3536 coniecit,
739 3452 839 3534 ibique
1073 3477 1114 3518 aso
1182 3515 1183 3518 ,

103 3559 154 3609 505
174 3542 330 3623 speluncas
352 3544 431 3602 inter
453 3561 573 3621 magnas
596 3545 696 3604 tremit
718 3550 784 3604 ante
807 3541 936 3604 tumultu
