<?xml version="1.0" encoding="UTF-8"?>
<!DOCTYPE html PUBLIC "-//W3C//DTD XHTML 1.0 Transitional//EN"
    "http://www.w3.org/TR/xhtml1/DTD/xhtml1-transitional.dtd">
<html xmlns="http://www.w3.org/1999/xhtml" xml:lang="en" lang="en">
 <head>
  <title>
</title>
<meta http-equiv="Content-Type" content="text/html;charset=utf-8" />
  <meta name='ocr-system' content='tesseract 3.04.00' />
  <meta name='ocr-capabilities' content='ocr_page ocr_carea ocr_par ocr_line ocrx_word'/>
</head>
<body>
  <div class='ocr_page' id='page_1' title='image "./tlucreticarider20carugoog_0261.png"; bbox 0 0 2512 3874; ppageno 0'>
   <div class='ocr_carea' id='block_1_1' title="bbox 127 235 647 300">
    <p class='ocr_par' dir='ltr' id='par_1_1' title="bbox 127 235 647 300">
     <span class='ocr_line' id='line_1_1' title="bbox 127 235 647 300; baseline 0.004 -2"><span class='ocrx_word' id='word_1_1' title='bbox 127 235 190 300; x_wconf 74' lang='lat'><strong>172</strong></span> <span class='ocrx_word' id='word_1_2' title='bbox 608 235 647 289; x_wconf 91' lang='lat' dir='ltr'><strong>VI</strong></span> 
     </span>
    </p>
   </div>
   <div class='ocr_carea' id='block_1_2' title="bbox 119 382 1146 3623">
    <p class='ocr_par' dir='ltr' id='par_1_2' title="bbox 119 382 1146 3623">
     <span class='ocr_line' id='line_1_2' title="bbox 177 382 841 461; baseline 0 -19"><span class='ocrx_word' id='word_1_3' title='bbox 177 382 317 443; x_wconf 83' lang='lat' dir='ltr'><strong>veridicis</strong></span> <span class='ocrx_word' id='word_1_4' title='bbox 339 383 429 461; x_wconf 92' lang='lat' dir='ltr'><strong>igitur</strong></span> <span class='ocrx_word' id='word_1_5' title='bbox 452 385 588 461; x_wconf 87' lang='lat' dir='ltr'><strong>purgavit</strong></span> <span class='ocrx_word' id='word_1_6' title='bbox 610 389 729 461; x_wconf 89' lang='lat' dir='ltr'><strong>pectora</strong></span> <span class='ocrx_word' id='word_1_7' title='bbox 753 382 841 443; x_wconf 92' lang='lat' dir='ltr'><strong>dictis</strong></span> 
     </span>
     <span class='ocr_line' id='line_1_3' title="bbox 125 471 908 550; baseline -0.004 -17"><span class='ocrx_word' id='word_1_8' title='bbox 125 486 159 535; x_wconf 79' lang='lat'><strong>25</strong></span> <span class='ocrx_word' id='word_1_9' title='bbox 179 478 208 530; x_wconf 87' lang='lat' dir='ltr'><strong>et</strong></span> <span class='ocrx_word' id='word_1_10' title='bbox 231 471 320 531; x_wconf 87' lang='lat' dir='ltr'><strong>finem</strong></span> <span class='ocrx_word' id='word_1_11' title='bbox 343 472 445 530; x_wconf 81' lang='lat' dir='ltr'><strong>statuit</strong></span> <span class='ocrx_word' id='word_1_12' title='bbox 468 471 643 549; x_wconf 83' lang='lat' dir='ltr'><strong>cuppedinis</strong></span> <span class='ocrx_word' id='word_1_13' title='bbox 666 476 754 549; x_wconf 91' lang='lat' dir='ltr'><strong>atque</strong></span> <span class='ocrx_word' id='word_1_14' title='bbox 777 472 908 550; x_wconf 90' lang='lat' dir='ltr'><strong>timoris,</strong></span> 
     </span>
     <span class='ocr_line' id='line_1_4' title="bbox 178 557 1092 638; baseline -0.003 -21"><span class='ocrx_word' id='word_1_15' title='bbox 178 561 373 636; x_wconf 81' lang='lat' dir='ltr'><strong>exposuitque</strong></span> <span class='ocrx_word' id='word_1_16' title='bbox 395 557 506 618; x_wconf 91' lang='lat' dir='ltr'><strong>honum</strong></span> <span class='ocrx_word' id='word_1_17' title='bbox 530 576 692 638; x_wconf 91' lang='lat' dir='ltr'><strong>summum,</strong></span> <span class='ocrx_word' id='word_1_18' title='bbox 716 577 774 637; x_wconf 90' lang='lat' dir='ltr'><strong>quo</strong></span> <span class='ocrx_word' id='word_1_19' title='bbox 798 558 947 619; x_wconf 87' lang='lat' dir='ltr'><strong>tendimus</strong></span> <span class='ocrx_word' id='word_1_20' title='bbox 970 574 1092 636; x_wconf 78' lang='lat' dir='ltr'><strong>omneS,</strong></span> 
     </span>
     <span class='ocr_line' id='line_1_5' title="bbox 178 646 1036 726; baseline -0.002 -21"><span class='ocrx_word' id='word_1_21' title='bbox 178 646 249 724; x_wconf 91' lang='lat' dir='ltr'><strong>quid</strong></span> <span class='ocrx_word' id='word_1_22' title='bbox 273 647 361 725; x_wconf 87' lang='lat' dir='ltr'><strong>ioret,</strong></span> <span class='ocrx_word' id='word_1_23' title='bbox 385 653 472 724; x_wconf 88' lang='lat' dir='ltr'><strong>atque</strong></span> <span class='ocrx_word' id='word_1_24' title='bbox 495 647 572 706; x_wconf 89' lang='lat' dir='ltr'><strong>viam</strong></span> <span class='ocrx_word' id='word_1_25' title='bbox 595 649 782 726; x_wconf 88' lang='lat' dir='ltr'><strong>monstravit,</strong></span> <span class='ocrx_word' id='word_1_26' title='bbox 805 648 923 706; x_wconf 89' lang='lat' dir='ltr'><strong>tramite</strong></span> <span class='ocrx_word' id='word_1_27' title='bbox 946 662 1036 724; x_wconf 86' lang='lat' dir='ltr'><strong>parvo</strong></span> 
     </span>
     <span class='ocr_line' id='line_1_6' title="bbox 179 734 962 813; baseline 0 -19"><span class='ocrx_word' id='word_1_28' title='bbox 179 752 235 812; x_wconf 94' lang='lat' dir='ltr'><strong>qua</strong></span> <span class='ocrx_word' id='word_1_29' title='bbox 257 751 413 812; x_wconf 88' lang='lat' dir='ltr'><strong>possemus</strong></span> <span class='ocrx_word' id='word_1_30' title='bbox 436 734 472 793; x_wconf 88' lang='lat' dir='ltr'><strong>ad</strong></span> <span class='ocrx_word' id='word_1_31' title='bbox 496 734 527 794; x_wconf 95' lang='lat' dir='ltr'><strong>id</strong></span> <span class='ocrx_word' id='word_1_32' title='bbox 549 742 631 795; x_wconf 90' lang='lat' dir='ltr'><strong>recto</strong></span> <span class='ocrx_word' id='word_1_33' title='bbox 655 734 835 794; x_wconf 78' lang='lat' dir='ltr'><strong>contendere</strong></span> <span class='ocrx_word' id='word_1_34' title='bbox 858 753 962 813; x_wconf 87' lang='lat' dir='ltr'><strong>cursu,</strong></span> 
     </span>
     <span class='ocr_line' id='line_1_7' title="bbox 178 820 979 900; baseline 0.001 -19"><span class='ocrx_word' id='word_1_35' title='bbox 178 820 284 900; x_wconf 88' lang='lat' dir='ltr'><strong>quidve</strong></span> <span class='ocrx_word' id='word_1_36' title='bbox 307 820 377 881; x_wconf 92' lang='lat' dir='ltr'><strong>mali</strong></span> <span class='ocrx_word' id='word_1_37' title='bbox 400 821 476 882; x_wconf 83' lang='lat' dir='ltr'><strong>foret</strong></span> <span class='ocrx_word' id='word_1_38' title='bbox 498 824 529 881; x_wconf 90' lang='lat' dir='ltr'><strong>in</strong></span> <span class='ocrx_word' id='word_1_39' title='bbox 552 821 642 882; x_wconf 88' lang='lat' dir='ltr'><strong>rebus</strong></span> <span class='ocrx_word' id='word_1_40' title='bbox 665 821 832 882; x_wconf 88' lang='lat' dir='ltr'><strong>mortalihu&#39;</strong></span> <span class='ocrx_word' id='word_1_41' title='bbox 854 824 979 900; x_wconf 89' lang='lat' dir='ltr'><strong>passim,</strong></span> 
     </span>
     <span class='ocr_line' id='line_1_8' title="bbox 125 908 809 988; baseline -0.006 -14"><span class='ocrx_word' id='word_1_42' title='bbox 125 909 258 987; x_wconf 81' lang='lat' dir='ltr'><strong>eoquod</strong></span> <span class='ocrx_word' id='word_1_43' title='bbox 281 910 366 969; x_wconf 83' lang='lat' dir='ltr'><strong>tieret</strong></span> <span class='ocrx_word' id='word_1_44' title='bbox 388 908 515 970; x_wconf 88' lang='lat' dir='ltr'><strong>naturali</strong></span> <span class='ocrx_word' id='word_1_45' title='bbox 537 912 675 988; x_wconf 91' lang='lat' dir='ltr'><strong>varieque</strong></span> <span class='ocrx_word' id='word_1_46' title='bbox 698 909 809 970; x_wconf 85' lang='lat' dir='ltr'><strong>volaret</strong></span> 
     </span>
     <span class='ocr_line' id='line_1_9' title="bbox 178 989 934 1078; baseline 0 -21"><span class='ocrx_word' id='word_1_47' title='bbox 178 1015 232 1057; x_wconf 92' lang='lat' dir='ltr'><strong>seu</strong></span> <span class='ocrx_word' id='word_1_48' title='bbox 254 989 326 1057; x_wconf 82' lang='lat' dir='ltr'><strong>casu</strong></span> <span class='ocrx_word' id='word_1_49' title='bbox 349 1015 402 1058; x_wconf 93' lang='lat' dir='ltr'><strong>seu</strong></span> <span class='ocrx_word' id='word_1_50' title='bbox 424 1000 466 1077; x_wconf 89' lang='lat' dir='ltr'><strong>vi,</strong></span> <span class='ocrx_word' id='word_1_51' title='bbox 490 997 568 1077; x_wconf 92' lang='lat' dir='ltr'><strong>quod</strong></span> <span class='ocrx_word' id='word_1_52' title='bbox 592 1000 636 1057; x_wconf 87' lang='lat' dir='ltr'><strong>sic</strong></span> <span class='ocrx_word' id='word_1_53' title='bbox 659 1004 764 1058; x_wconf 92' lang='lat' dir='ltr'><strong>natura</strong></span> <span class='ocrx_word' id='word_1_54' title='bbox 786 1004 934 1078; x_wconf 91' lang='lat' dir='ltr'><strong>parasset,</strong></span> 
     </span>
     <span class='ocr_line' id='line_1_10' title="bbox 178 1084 923 1166; baseline 0 -22"><span class='ocrx_word' id='word_1_55' title='bbox 178 1084 338 1162; x_wconf 82' lang='lat' dir='ltr'><strong>atquibus</strong></span> <span class='ocrx_word' id='word_1_56' title='bbox 362 1104 378 1145; x_wconf 91' lang='lat' dir='ltr'><strong>e</strong></span> <span class='ocrx_word' id='word_1_57' title='bbox 401 1088 495 1164; x_wconf 91' lang='lat' dir='ltr'><strong>portis</strong></span> <span class='ocrx_word' id='word_1_58' title='bbox 519 1087 637 1146; x_wconf 93' lang='lat' dir='ltr'><strong>occurri</strong></span> <span class='ocrx_word' id='word_1_59' title='bbox 659 1088 766 1164; x_wconf 92' lang='lat' dir='ltr'><strong>cuique</strong></span> <span class='ocrx_word' id='word_1_60' title='bbox 791 1085 923 1166; x_wconf 91' lang='lat' dir='ltr'><strong>deceret,</strong></span> 
     </span>
     <span class='ocr_line' id='line_1_11' title="bbox 178 1173 995 1253; baseline 0.004 -22"><span class='ocrx_word' id='word_1_61' title='bbox 178 1179 208 1232; x_wconf 88' lang='lat' dir='ltr'><strong>et</strong></span> <span class='ocrx_word' id='word_1_62' title='bbox 231 1191 324 1250; x_wconf 90' lang='lat' dir='ltr'><strong>genus</strong></span> <span class='ocrx_word' id='word_1_63' title='bbox 347 1174 507 1233; x_wconf 88' lang='lat' dir='ltr'><strong>humanum</strong></span> <span class='ocrx_word' id='word_1_64' title='bbox 530 1174 640 1234; x_wconf 80' lang='lat' dir='ltr'><strong>frustra</strong></span> <span class='ocrx_word' id='word_1_65' title='bbox 662 1173 837 1253; x_wconf 90' lang='lat' dir='ltr'><strong>plerumque</strong></span> <span class='ocrx_word' id='word_1_66' title='bbox 859 1173 995 1252; x_wconf 87' lang='lat' dir='ltr'><strong>probavit</strong></span> 
     </span>
     <span class='ocr_line' id='line_1_12' title="bbox 178 1259 909 1340; baseline 0.003 -21"><span class='ocrx_word' id='word_1_67' title='bbox 178 1259 294 1320; x_wconf 88' lang='lat' dir='ltr'><strong>volvere</strong></span> <span class='ocrx_word' id='word_1_68' title='bbox 318 1279 454 1322; x_wconf 88' lang='lat' dir='ltr'><strong>curarum</strong></span> <span class='ocrx_word' id='word_1_69' title='bbox 478 1263 573 1321; x_wconf 90' lang='lat' dir='ltr'><strong>tristis</strong></span> <span class='ocrx_word' id='word_1_70' title='bbox 595 1264 628 1321; x_wconf 91' lang='lat' dir='ltr'><strong>in</strong></span> <span class='ocrx_word' id='word_1_71' title='bbox 650 1268 770 1340; x_wconf 90' lang='lat' dir='ltr'><strong>pectore</strong></span> <span class='ocrx_word' id='word_1_72' title='bbox 793 1261 909 1322; x_wconf 89' lang='lat' dir='ltr'><strong>fluctus.</strong></span> 
     </span>
     <span class='ocr_line' id='line_1_13' title="bbox 125 1348 991 1429; baseline -0.005 -16"><span class='ocrx_word' id='word_1_73' title='bbox 125 1365 159 1413; x_wconf 76' lang='lat'><strong>85</strong></span> <span class='ocrx_word' id='word_1_74' title='bbox 178 1366 247 1409; x_wconf 91' lang='lat' dir='ltr'><strong>nam</strong></span> <span class='ocrx_word' id='word_1_75' title='bbox 270 1348 360 1408; x_wconf 90' lang='lat' dir='ltr'><strong>veluti</strong></span> <span class='ocrx_word' id='word_1_76' title='bbox 383 1352 469 1428; x_wconf 90' lang='lat' dir='ltr'><strong>pueri</strong></span> <span class='ocrx_word' id='word_1_77' title='bbox 491 1349 640 1429; x_wconf 91' lang='lat' dir='ltr'><strong>trepidant</strong></span> <span class='ocrx_word' id='word_1_78' title='bbox 662 1356 751 1428; x_wconf 87' lang='lat' dir='ltr'><strong>atque</strong></span> <span class='ocrx_word' id='word_1_79' title='bbox 774 1352 872 1409; x_wconf 89' lang='lat' dir='ltr'><strong>omnia</strong></span> <span class='ocrx_word' id='word_1_80' title='bbox 896 1351 991 1410; x_wconf 91' lang='lat' dir='ltr'><strong>caecis</strong></span> 
     </span>
     <span class='ocr_line' id='line_1_14' title="bbox 179 1436 986 1518; baseline 0.001 -22"><span class='ocrx_word' id='word_1_81' title='bbox 179 1439 211 1497; x_wconf 93' lang='lat' dir='ltr'><strong>in</strong></span> <span class='ocrx_word' id='word_1_82' title='bbox 232 1436 364 1497; x_wconf 88' lang='lat' dir='ltr'><strong>tenebris</strong></span> <span class='ocrx_word' id='word_1_83' title='bbox 386 1444 535 1518; x_wconf 89' lang='lat' dir='ltr'><strong>metuunt,</strong></span> <span class='ocrx_word' id='word_1_84' title='bbox 559 1440 603 1498; x_wconf 89' lang='lat' dir='ltr'><strong>sic</strong></span> <span class='ocrx_word' id='word_1_85' title='bbox 626 1455 680 1498; x_wconf 93' lang='lat' dir='ltr'><strong>nos</strong></span> <span class='ocrx_word' id='word_1_86' title='bbox 703 1440 735 1496; x_wconf 91' lang='lat' dir='ltr'><strong>in</strong></span> <span class='ocrx_word' id='word_1_87' title='bbox 758 1437 823 1498; x_wconf 91' lang='lat' dir='ltr'><strong>luce</strong></span> <span class='ocrx_word' id='word_1_88' title='bbox 846 1439 986 1499; x_wconf 91' lang='lat' dir='ltr'><strong>timemus</strong></span> 
     </span>
     <span class='ocr_line' id='line_1_15' title="bbox 179 1525 1024 1605; baseline 0.001 -21"><span class='ocrx_word' id='word_1_89' title='bbox 179 1525 341 1604; x_wconf 92' lang='lat' dir='ltr'><strong>interdum,</strong></span> <span class='ocrx_word' id='word_1_90' title='bbox 364 1525 424 1584; x_wconf 92' lang='lat' dir='ltr'><strong>nilo</strong></span> <span class='ocrx_word' id='word_1_91' title='bbox 448 1544 522 1604; x_wconf 88' lang='lat' dir='ltr'><strong>quae</strong></span> <span class='ocrx_word' id='word_1_92' title='bbox 547 1532 616 1586; x_wconf 88' lang='lat' dir='ltr'><strong>sunt</strong></span> <span class='ocrx_word' id='word_1_93' title='bbox 638 1525 795 1586; x_wconf 88' lang='lat' dir='ltr'><strong>metuenda</strong></span> <span class='ocrx_word' id='word_1_94' title='bbox 818 1528 912 1604; x_wconf 92' lang='lat' dir='ltr'><strong>magis</strong></span> <span class='ocrx_word' id='word_1_95' title='bbox 936 1544 1024 1605; x_wconf 89' lang='lat' dir='ltr'><strong>quam</strong></span> 
     </span>
     <span class='ocr_line' id='line_1_16' title="bbox 179 1613 1053 1693; baseline 0.005 -23"><span class='ocrx_word' id='word_1_96' title='bbox 179 1630 253 1690; x_wconf 90' lang='lat' dir='ltr'><strong>quae</strong></span> <span class='ocrx_word' id='word_1_97' title='bbox 277 1615 363 1690; x_wconf 89' lang='lat' dir='ltr'><strong>pueri</strong></span> <span class='ocrx_word' id='word_1_98' title='bbox 385 1615 417 1672; x_wconf 90' lang='lat' dir='ltr'><strong>in</strong></span> <span class='ocrx_word' id='word_1_99' title='bbox 439 1613 571 1673; x_wconf 90' lang='lat' dir='ltr'><strong>tenebris</strong></span> <span class='ocrx_word' id='word_1_100' title='bbox 594 1616 726 1692; x_wconf 92' lang='lat' dir='ltr'><strong>pavitant</strong></span> <span class='ocrx_word' id='word_1_101' title='bbox 748 1615 921 1693; x_wconf 85' lang='lat' dir='ltr'><strong>finguntque</strong></span> <span class='ocrx_word' id='word_1_102' title='bbox 946 1615 1053 1674; x_wconf 79' lang='lat' dir='ltr'><strong>sutura.</strong></span> 
     </span>
     <span class='ocr_line' id='line_1_17' title="bbox 179 1700 1047 1780; baseline 0.005 -22"><span class='ocrx_word' id='word_1_103' title='bbox 179 1700 257 1759; x_wconf 94' lang='lat' dir='ltr'><strong>hunc</strong></span> <span class='ocrx_word' id='word_1_104' title='bbox 280 1702 371 1777; x_wconf 89' lang='lat' dir='ltr'><strong>igitur</strong></span> <span class='ocrx_word' id='word_1_105' title='bbox 393 1707 539 1760; x_wconf 86' lang='lat' dir='ltr'><strong>terrorem</strong></span> <span class='ocrx_word' id='word_1_106' title='bbox 562 1703 653 1760; x_wconf 87' lang='lat' dir='ltr'><strong>animi</strong></span> <span class='ocrx_word' id='word_1_107' title='bbox 674 1701 872 1780; x_wconf 84' lang='lat' dir='ltr'><strong>tenebrasque</strong></span> <span class='ocrx_word' id='word_1_108' title='bbox 895 1710 1047 1762; x_wconf 87' lang='lat' dir='ltr'><strong>necessest</strong></span> 
     </span>
     <span class='ocr_line' id='line_1_18' title="bbox 126 1786 794 1856; baseline 0 -8"><span class='ocrx_word' id='word_1_109' title='bbox 126 1804 161 1853; x_wconf 86' lang='lat'><strong>40</strong></span> <span class='ocrx_word' id='word_1_110' title='bbox 179 1805 240 1848; x_wconf 93' lang='lat' dir='ltr'><strong>non</strong></span> <span class='ocrx_word' id='word_1_111' title='bbox 262 1786 338 1846; x_wconf 90' lang='lat' dir='ltr'><strong>radii</strong></span> <span class='ocrx_word' id='word_1_112' title='bbox 361 1787 432 1848; x_wconf 90' lang='lat' dir='ltr'><strong>solis</strong></span> <span class='ocrx_word' id='word_1_113' title='bbox 455 1805 511 1848; x_wconf 91' lang='lat' dir='ltr'><strong>nec</strong></span> <span class='ocrx_word' id='word_1_114' title='bbox 533 1788 631 1856; x_wconf 66' lang='lat' dir='ltr'><strong>lueida</strong></span> <span class='ocrx_word' id='word_1_115' title='bbox 652 1788 711 1849; x_wconf 89' lang='lat' dir='ltr'><strong>tela</strong></span> <span class='ocrx_word' id='word_1_116' title='bbox 734 1789 794 1850; x_wconf 90' lang='lat' dir='ltr'><strong>diei</strong></span> 
     </span>
     <span class='ocr_line' id='line_1_19' title="bbox 180 1875 877 1955; baseline 0.003 -20"><span class='ocrx_word' id='word_1_117' title='bbox 180 1875 351 1955; x_wconf 88' lang='lat' dir='ltr'><strong>discutiant,</strong></span> <span class='ocrx_word' id='word_1_118' title='bbox 375 1875 427 1935; x_wconf 91' lang='lat' dir='ltr'><strong>sed</strong></span> <span class='ocrx_word' id='word_1_119' title='bbox 450 1882 571 1936; x_wconf 88' lang='lat' dir='ltr'><strong>naturae</strong></span> <span class='ocrx_word' id='word_1_120' title='bbox 595 1878 710 1955; x_wconf 88' lang='lat' dir='ltr'><strong>species</strong></span> <span class='ocrx_word' id='word_1_121' title='bbox 733 1879 877 1955; x_wconf 90' lang='lat' dir='ltr'><strong>ratioque.</strong></span> 
     </span>
     <span class='ocr_line' id='line_1_20' title="bbox 180 1964 967 2043; baseline 0.004 -21"><span class='ocrx_word' id='word_1_122' title='bbox 180 1981 238 2043; x_wconf 92' lang='lat' dir='ltr'><strong>quo</strong></span> <span class='ocrx_word' id='word_1_123' title='bbox 261 1964 354 2040; x_wconf 89' lang='lat' dir='ltr'><strong>magis</strong></span> <span class='ocrx_word' id='word_1_124' title='bbox 376 1964 528 2043; x_wconf 90' lang='lat' dir='ltr'><strong>inceptum</strong></span> <span class='ocrx_word' id='word_1_125' title='bbox 550 1982 671 2043; x_wconf 87' lang='lat' dir='ltr'><strong>pergam</strong></span> <span class='ocrx_word' id='word_1_126' title='bbox 693 1971 849 2042; x_wconf 85' lang='lat' dir='ltr'><strong>pertexere</strong></span> <span class='ocrx_word' id='word_1_127' title='bbox 872 1965 967 2026; x_wconf 88' lang='lat' dir='ltr'><strong>dictis.</strong></span> 
     </span>
     <span class='ocr_line' id='line_1_21' title="bbox 222 2047 947 2131; baseline 0.001 -21"><span class='ocrx_word' id='word_1_128' title='bbox 222 2050 260 2110; x_wconf 85' lang='lat' dir='ltr'><strong>Et</strong></span> <span class='ocrx_word' id='word_1_129' title='bbox 282 2053 421 2128; x_wconf 90' lang='lat' dir='ltr'><strong>quoniam</strong></span> <span class='ocrx_word' id='word_1_130' title='bbox 444 2052 532 2112; x_wconf 91' lang='lat' dir='ltr'><strong>docui</strong></span> <span class='ocrx_word' id='word_1_131' title='bbox 554 2052 657 2112; x_wconf 89' lang='lat' dir='ltr'><strong>mundi</strong></span> <span class='ocrx_word' id='word_1_132' title='bbox 679 2047 814 2112; x_wconf 85' lang='lat' dir='ltr'><strong>mortalia</strong></span> <span class='ocrx_word' id='word_1_133' title='bbox 836 2053 947 2131; x_wconf 87' lang='lat' dir='ltr'><strong>templa</strong></span> 
     </span>
     <span class='ocr_line' id='line_1_22' title="bbox 179 2139 901 2221; baseline 0.001 -22"><span class='ocrx_word' id='word_1_134' title='bbox 179 2157 246 2199; x_wconf 91' lang='lat' dir='ltr'><strong>esse</strong></span> <span class='ocrx_word' id='word_1_135' title='bbox 269 2140 299 2201; x_wconf 85' lang='lat' dir='ltr'><strong>et</strong></span> <span class='ocrx_word' id='word_1_136' title='bbox 318 2141 415 2199; x_wconf 87' lang='lat' dir='ltr'><strong>nativo</strong></span> <span class='ocrx_word' id='word_1_137' title='bbox 439 2142 603 2201; x_wconf 88' lang='lat' dir='ltr'><strong>consistere</strong></span> <span class='ocrx_word' id='word_1_138' title='bbox 626 2158 750 2218; x_wconf 88' lang='lat' dir='ltr'><strong>corpore</strong></span> <span class='ocrx_word' id='word_1_139' title='bbox 773 2139 901 2221; x_wconf 92' lang='lat' dir='ltr'><strong>caelum,</strong></span> 
     </span>
     <span class='ocr_line' id='line_1_23' title="bbox 126 2229 968 2306; baseline -0.004 -14"><span class='ocrx_word' id='word_1_140' title='bbox 126 2242 161 2292; x_wconf 80' lang='lat'><strong>45</strong></span> <span class='ocrx_word' id='word_1_141' title='bbox 180 2234 210 2288; x_wconf 89' lang='lat' dir='ltr'><strong>et</strong></span> <span class='ocrx_word' id='word_1_142' title='bbox 232 2245 434 2306; x_wconf 92' lang='lat' dir='ltr'><strong>quaecumque</strong></span> <span class='ocrx_word' id='word_1_143' title='bbox 457 2230 489 2287; x_wconf 92' lang='lat' dir='ltr'><strong>in</strong></span> <span class='ocrx_word' id='word_1_144' title='bbox 512 2246 547 2288; x_wconf 90' lang='lat' dir='ltr'><strong>eo</strong></span> <span class='ocrx_word' id='word_1_145' title='bbox 570 2229 645 2288; x_wconf 85' lang='lat' dir='ltr'><strong>fiunt</strong></span> <span class='ocrx_word' id='word_1_146' title='bbox 667 2229 791 2306; x_wconf 85' lang='lat' dir='ltr'><strong>fierique</strong></span> <span class='ocrx_word' id='word_1_147' title='bbox 815 2235 968 2289; x_wconf 86' lang='lat' dir='ltr'><strong>necessest</strong></span> 
     </span>
     <span class='ocr_line' id='line_1_24' title="bbox 334 2335 639 2374; baseline 0 0"><span class='ocrx_word' id='word_1_148' title='bbox 334 2339 336 2346; x_wconf 70' lang='lat'><strong>,</strong></span> <span class='ocrx_word' id='word_1_149' title='bbox 620 2335 639 2374; x_wconf 74' lang='lat' dir='ltr'><strong>a&lt;</strong></span> 
     </span>
     <span class='ocr_line' id='line_1_25' title="bbox 119 2397 968 2484; baseline 0.001 -22"><span class='ocrx_word' id='word_1_150' title='bbox 119 2397 123 2410; x_wconf 84' lang='lat'>&#39;</span> <span class='ocrx_word' id='word_1_151' title='bbox 178 2402 319 2483; x_wconf 87' lang='lat' dir='ltr'><strong>pleraque</strong></span> <span class='ocrx_word' id='word_1_152' title='bbox 342 2403 479 2484; x_wconf 90' lang='lat' dir='ltr'><strong>dissolui,</strong></span> <span class='ocrx_word' id='word_1_153' title='bbox 503 2421 577 2483; x_wconf 91' lang='lat' dir='ltr'><strong>quae</strong></span> <span class='ocrx_word' id='word_1_154' title='bbox 600 2411 715 2464; x_wconf 87' lang='lat' dir='ltr'><strong>restant</strong></span> <span class='ocrx_word' id='word_1_155' title='bbox 736 2406 857 2482; x_wconf 92' lang='lat' dir='ltr'><strong>percipe</strong></span> <span class='ocrx_word' id='word_1_156' title='bbox 879 2422 968 2483; x_wconf 93' lang='lat' dir='ltr'><strong>porro</strong></span> 
     </span>
     <span class='ocr_line' id='line_1_26' title="bbox 178 2491 1096 2574; baseline 0.002 -24"><span class='ocrx_word' id='word_1_157' title='bbox 178 2493 187 2574; x_wconf 68' lang='grc' dir='ltr'>Η</span> <span class='ocrx_word' id='word_1_158' title='bbox 201 2491 439 2569; x_wconf 91' lang='lat' dir='ltr'><strong>quandoquidem</strong></span> <span class='ocrx_word' id='word_1_159' title='bbox 463 2491 555 2551; x_wconf 89' lang='lat' dir='ltr'><strong>semel</strong></span> <span class='ocrx_word' id='word_1_160' title='bbox 578 2494 726 2569; x_wconf 84' lang='lat' dir='ltr'><strong>insignem</strong></span> <span class='ocrx_word' id='word_1_161' title='bbox 749 2492 949 2553; x_wconf 91' lang='lat' dir='ltr'><strong>conscendere</strong></span> <span class='ocrx_word' id='word_1_162' title='bbox 973 2510 1096 2552; x_wconf 91' lang='lat' dir='ltr'><strong>currum</strong></span> 
     </span>
     <span class='ocr_line' id='line_1_27' title="bbox 621 2599 639 2636; baseline 0 0"><span class='ocrx_word' id='word_1_163' title='bbox 621 2599 639 2636; x_wconf 70' lang='lat' dir='ltr'><strong>s</strong></span> 
     </span>
     <span class='ocr_line' id='line_1_28' title="bbox 620 2574 973 2726; baseline 0 -64"><span class='ocrx_word' id='word_1_164' title='bbox 620 2685 639 2726; x_wconf 57' lang='grc'>*</span> <span class='ocrx_word' id='word_1_165' title='bbox 909 2574 919 2662; x_wconf 81' lang='lat' dir='ltr'><strong>i</strong></span> <span class='ocrx_word' id='word_1_166' title='bbox 969 2661 973 2672; x_wconf 85' lang='grc'><strong><em>,</em></strong></span> 
     </span>
     <span class='ocr_line' id='line_1_29' title="bbox 179 2756 995 2837; baseline 0.001 -23"><span class='ocrx_word' id='word_1_167' title='bbox 179 2761 334 2815; x_wconf 86' lang='lat' dir='ltr'><strong>ventorum</strong></span> <span class='ocrx_word' id='word_1_168' title='bbox 357 2758 498 2837; x_wconf 81' lang='lat' dir='ltr'><strong>existant,</strong></span> <span class='ocrx_word' id='word_1_169' title='bbox 520 2756 676 2835; x_wconf 87' lang='lat' dir='ltr'><strong>placentur</strong></span> <span class='ocrx_word' id='word_1_170' title='bbox 698 2763 731 2816; x_wconf 94' lang='lat' dir='ltr'><strong>ut</strong></span> <span class='ocrx_word' id='word_1_171' title='bbox 753 2757 850 2815; x_wconf 89' lang='lat' dir='ltr'><strong>omnia</strong></span> <span class='ocrx_word' id='word_1_172' title='bbox 874 2773 995 2816; x_wconf 91' lang='lat' dir='ltr'><strong>rursum</strong></span> 
     </span>
     <span class='ocr_line' id='line_1_30' title="bbox 620 2863 638 2901; baseline 0 0"><span class='ocrx_word' id='word_1_173' title='bbox 620 2863 638 2901; x_wconf 70' lang='lat' dir='ltr'><strong>s</strong></span> 
     </span>
     <span class='ocr_line' id='line_1_31' title="bbox 180 2930 917 3010; baseline 0.003 -20"><span class='ocrx_word' id='word_1_174' title='bbox 180 2948 254 3009; x_wconf 87' lang='lat' dir='ltr'><strong>quae</strong></span> <span class='ocrx_word' id='word_1_175' title='bbox 278 2930 400 3010; x_wconf 81' lang='lat' dir='ltr'><strong>fuerint,</strong></span> <span class='ocrx_word' id='word_1_176' title='bbox 424 2933 484 2990; x_wconf 90' lang='lat' dir='ltr'><strong>sint</strong></span> <span class='ocrx_word' id='word_1_177' title='bbox 506 2931 620 3010; x_wconf 90' lang='lat' dir='ltr'><strong>placato</strong></span> <span class='ocrx_word' id='word_1_178' title='bbox 645 2949 786 2991; x_wconf 86' lang='lat' dir='ltr'><strong>conversa</strong></span> <span class='ocrx_word' id='word_1_179' title='bbox 809 2930 917 2992; x_wconf 79' lang='lat' dir='ltr'><strong>furore.</strong></span> 
     </span>
     <span class='ocr_line' id='line_1_32' title="bbox 620 3038 639 3077; baseline 0 0"><span class='ocrx_word' id='word_1_180' title='bbox 620 3038 639 3077; x_wconf 69' lang='lat' dir='ltr'><strong>s</strong></span> 
     </span>
     <span class='ocr_line' id='line_1_33' title="bbox 127 3105 938 3184; baseline -0.009 -13"><span class='ocrx_word' id='word_1_181' title='bbox 127 3123 161 3171; x_wconf 82' lang='lat' dir='ltr'><strong>oo</strong></span> <span class='ocrx_word' id='word_1_182' title='bbox 180 3113 278 3166; x_wconf 88' lang='lat' dir='ltr'><strong>cetera</strong></span> <span class='ocrx_word' id='word_1_183' title='bbox 301 3123 375 3183; x_wconf 90' lang='lat' dir='ltr'><strong>quac</strong></span> <span class='ocrx_word' id='word_1_184' title='bbox 400 3105 465 3164; x_wconf 87' lang='lat' dir='ltr'><strong>fieri</strong></span> <span class='ocrx_word' id='word_1_185' title='bbox 488 3107 631 3168; x_wconf 89' lang='lat' dir='ltr'><strong>interris</strong></span> <span class='ocrx_word' id='word_1_186' title='bbox 655 3106 794 3184; x_wconf 90' lang='lat' dir='ltr'><strong>caeloque</strong></span> <span class='ocrx_word' id='word_1_187' title='bbox 817 3112 938 3165; x_wconf 88' lang='lat' dir='ltr'><strong>tuentur</strong></span> 
     </span>
     <span class='ocr_line' id='line_1_34' title="bbox 179 3185 1003 3273; baseline -0.001 -21"><span class='ocrx_word' id='word_1_188' title='bbox 179 3191 333 3272; x_wconf 87' lang='lat' dir='ltr'><strong>mortales,</strong></span> <span class='ocrx_word' id='word_1_189' title='bbox 356 3192 469 3271; x_wconf 85' lang='lat' dir='ltr'><strong>paridis</strong></span> <span class='ocrx_word' id='word_1_190' title='bbox 493 3210 561 3252; x_wconf 93' lang='lat' dir='ltr'><strong>cum</strong></span> <span class='ocrx_word' id='word_1_191' title='bbox 583 3195 714 3273; x_wconf 88' lang='lat' dir='ltr'><strong>pendent</strong></span> <span class='ocrx_word' id='word_1_192' title='bbox 736 3192 878 3255; x_wconf 84' lang='lat' dir='ltr'><strong>mentibu&#39;</strong></span> <span class='ocrx_word' id='word_1_193' title='bbox 901 3185 1003 3272; x_wconf 89' lang='lat' dir='ltr'><strong>saepe,</strong></span> 
     </span>
     <span class='ocr_line' id='line_1_35' title="bbox 179 3280 1013 3344; baseline 0.007 -6"><span class='ocrx_word' id='word_1_194' title='bbox 179 3281 252 3339; x_wconf 91' lang='lat' dir='ltr'><strong>haec</strong></span> <span class='ocrx_word' id='word_1_195' title='bbox 274 3280 388 3339; x_wconf 90' lang='lat' dir='ltr'><strong>faciunt</strong></span> <span class='ocrx_word' id='word_1_196' title='bbox 410 3281 524 3340; x_wconf 90' lang='lat' dir='ltr'><strong>animos</strong></span> <span class='ocrx_word' id='word_1_197' title='bbox 546 3280 666 3341; x_wconf 90' lang='lat' dir='ltr'><strong>humilis</strong></span> <span class='ocrx_word' id='word_1_198' title='bbox 690 3281 846 3342; x_wconf 82' lang='lat' dir='ltr'><strong>formidine</strong></span> <span class='ocrx_word' id='word_1_199' title='bbox 870 3280 968 3341; x_wconf 87' lang='lat' dir='ltr'><strong>divom</strong></span> <span class='ocrx_word' id='word_1_200' title='bbox 1011 3340 1013 3344; x_wconf 86' lang='grc'><em>,</em></span> 
     </span>
     <span class='ocr_line' id='line_1_36' title="bbox 180 3365 1034 3448; baseline 0.004 -23"><span class='ocrx_word' id='word_1_201' title='bbox 180 3365 396 3445; x_wconf 85' lang='lat' dir='ltr'><strong>depressosque</strong></span> <span class='ocrx_word' id='word_1_202' title='bbox 418 3374 560 3446; x_wconf 91' lang='lat' dir='ltr'><strong>premunt</strong></span> <span class='ocrx_word' id='word_1_203' title='bbox 582 3368 618 3427; x_wconf 89' lang='lat' dir='ltr'><strong>ad</strong></span> <span class='ocrx_word' id='word_1_204' title='bbox 641 3367 751 3428; x_wconf 87' lang='lat' dir='ltr'><strong>terram</strong></span> <span class='ocrx_word' id='word_1_205' title='bbox 774 3375 931 3448; x_wconf 88' lang='lat' dir='ltr'><strong>propterea</strong></span> <span class='ocrx_word' id='word_1_206' title='bbox 955 3369 1034 3447; x_wconf 92' lang='lat' dir='ltr'><strong>quod</strong></span> 
     </span>
     <span class='ocr_line' id='line_1_37' title="bbox 181 3454 829 3531; baseline 0.006 -19"><span class='ocrx_word' id='word_1_207' title='bbox 181 3456 346 3531; x_wconf 80' lang='lat' dir='ltr'><strong>ignorantia</strong></span> <span class='ocrx_word' id='word_1_208' title='bbox 370 3473 524 3515; x_wconf 90' lang='lat' dir='ltr'><strong>causarum</strong></span> <span class='ocrx_word' id='word_1_209' title='bbox 548 3455 682 3514; x_wconf 90' lang='lat' dir='ltr'><strong>conierre</strong></span> <span class='ocrx_word' id='word_1_210' title='bbox 706 3454 829 3516; x_wconf 92' lang='lat' dir='ltr'><strong>deorum</strong></span> 
     </span>
     <span class='ocr_line' id='line_1_38' title="bbox 129 3541 1146 3623; baseline 0.011 -24"><span class='ocrx_word' id='word_1_211' title='bbox 129 3557 162 3606; x_wconf 74' lang='lat'><strong>55</strong></span> <span class='ocrx_word' id='word_1_212' title='bbox 182 3543 260 3618; x_wconf 80' lang='lat' dir='ltr'><strong>cogit</strong></span> <span class='ocrx_word' id='word_1_213' title='bbox 283 3541 319 3600; x_wconf 88' lang='lat' dir='ltr'><strong>ad</strong></span> <span class='ocrx_word' id='word_1_214' title='bbox 343 3543 501 3620; x_wconf 91' lang='lat' dir='ltr'><strong>imperium</strong></span> <span class='ocrx_word' id='word_1_215' title='bbox 523 3560 572 3602; x_wconf 87' lang='lat' dir='ltr'><strong>res</strong></span> <span class='ocrx_word' id='word_1_216' title='bbox 596 3550 626 3603; x_wconf 91' lang='lat' dir='ltr'><strong>et</strong></span> <span class='ocrx_word' id='word_1_217' title='bbox 648 3542 811 3603; x_wconf 86' lang='lat' dir='ltr'><strong>concedere</strong></span> <span class='ocrx_word' id='word_1_218' title='bbox 833 3562 965 3623; x_wconf 87' lang='lat' dir='ltr'><strong>regnum.</strong></span> <span class='ocrx_word' id='word_1_219' title='bbox 1116 3569 1146 3611; x_wconf 81' lang='lat' dir='ltr'><strong>ss</strong></span> 
     </span>
    </p>
   </div>
   <div class='ocr_carea' id='block_1_3' title="bbox 0 0 1262 3874">
    <p class='ocr_par' dir='ltr' id='par_1_3' title="bbox 0 0 1262 3874">
     <span class='ocr_line' id='line_1_39' title="bbox 0 0 1262 3874; baseline 0 0"><span class='ocrx_word' id='word_1_220' title='bbox 0 0 1262 3874; x_wconf 95' lang='lat' dir='ltr'><strong> </strong></span> 
     </span>
    </p>
   </div>
  </div>
 </body>
</html>
