2500 3882
624 203 663 258 111

211 351 363 412 vermibus
386 356 416 412 et
438 352 537 428 privas
561 352 592 410 in
616 367 740 428 corpora
763 367 851 429 posse
873 353 975 411 venire

212 440 309 502 credis
332 456 387 499 nec
410 445 531 516 reputas
554 458 607 499 cur
629 437 710 498 milia
734 437 825 498 multa
848 440 1013 499 animarum

212 529 388 589 conveniant
410 525 489 586 unde
512 544 571 586 una
594 528 765 606 recesserit,
787 526 844 586 boc
866 533 966 587 tamen
989 532 1035 587 est
1056 534 1090 587 ut
1113 548 1152 590 ns

213 614 415 696 quaerendum
437 613 572 675 videatur
594 621 624 674 et
647 616 678 673 iu
701 613 861 674 discrimen
884 614 1042 695 agendum,

138 721 193 772 '125
213 711 314 765 utrum
336 702 455 763 tandem
478 704 591 762 animae
614 708 759 762 venentur
783 704 896 762 semina
919 721 1053 782 quaeque

212 790 441 852 vermiculorum
464 791 604 868 ipsaeque
628 789 686 849 sibi
709 788 892 851 fabricentur
913 790 965 850 ubi
989 793 1062 870 sint,

213 899 251 941 an
273 881 359 958 quasi
381 878 555 957 corporibus
578 877 719 956 perfectis
742 879 940 938 insinuentur.

212 975 244 1028 at
264 985 362 1046 neque
386 984 440 1026 cur
462 966 572 1026 iaciant
589 968 671 1044 ipsae
694 983 821 1044 quareve
846 965 980 1026 laborent
1113 987 1153 1028 veo

213 1056 313 1117 dicere
332 1053 507 1133 suppeditat
540 1071 636 1131 neque
656 1055 745 1133 euim,
766 1056 829 1113 sine
849 1071 973 1133 corpore
993 1044 1061 1114 cum
1075 1059 1152 1133 sunt,

141 1162 195 1210 tao
219 1143 362 1204 sollicitae
385 1140 507 1202 volitant
529 1141 642 1200 morbis
666 1139 791 1220 alguque
814 1142 963 1220 fameque:

214 1248 323 1310 eorpus
346 1232 426 1290 enim
448 1231 541 1308 magis
564 1229 612 1289 bis
634 1230 715 1289 vitiis
738 1229 834 1290 adfine
858 1228 983 1310 laborat,

214 1326 245 1380 et
267 1317 342 1379 mala
364 1317 457 1377 multa
479 1319 596 1377 animus
619 1324 741 1395 contage
765 1318 898 1395 iungitur
921 1320 993 1378 eius.

215 1408 267 1468 sed
289 1415 389 1467 tamen
411 1405 458 1465 his
482 1412 545 1465 esto
569 1407 702 1483 quamvis
726 1405 823 1465 iacere
846 1403 918 1466 utile
943 1422 1050 1484 corpus
1115 1425 1153 1466 rev

215 1498 265 1556 oui
288 1494 425 1555 subeant:
448 1499 477 1552 at
501 1510 558 1570 qua
580 1495 697 1571 possint
720 1495 765 1552 via
789 1491 868 1552 nulla
891 1492 1016 1553 videtur.

143 1600 196 1651 aaa
214 1584 286 1644 haut
308 1585 399 1660 igitur
422 1581 533 1640 iaciunt
555 1582 669 1641 animae
693 1580 752 1640 sibi
774 1597 897 1659 corpora
921 1588 950 1641 et
973 1587 1062 1640 artus.

214 1689 270 1732 nec
292 1677 392 1730 tamen
415 1675 460 1729 est
482 1671 568 1747 utqui
590 1669 732 1749 perfectis
754 1671 943 1729 insinuentur

216 1755 402 1838 corporibus:
425 1775 522 1835 neque
545 1759 625 1817 enim
647 1763 788 1836 poterunt
811 1755 958 1835 suptiliter
982 1774 1047 1816 esse

216 1864 357 1925 conexae,
379 1863 476 1922 neque
499 1863 663 1906 consensus
686 1846 820 1922 contagia
843 1845 923 1904 tient.
1114 1865 1154 1904 no

259 1933 392 2011 Denique
415 1950 468 1992 cur
491 1935 568 1992 acris
591 1931 730 1993 violentia
751 1935 837 1993 triste
860 1932 979 1992 leonum

144 2040 197 2090 ⁷40
216 2024 375 2083 seminium
398 2021 546 2101 sequitur,
569 2019 670 2098 volpes
694 2019 792 2100 dolus,
815 2025 845 2079 et
868 2019 936 2097 luga
959 2035 1075 2097 cervos,

644 2126 661 2163 ss

215 2105 233 2258 d
255 2195 392 2276 patribus
416 2194 503 2255 datur
526 2201 556 2255 et
578 2197 691 2273 patrius
714 2211 804 2272 pavor
828 2195 932 2253 incitat
953 2199 1043 2252 artus.
1062 2189 1073 2269 l

217 2292 247 2346 et
269 2287 328 2345 iam
351 2290 449 2344 cetera
472 2283 508 2343 de
532 2301 641 2360 genere
664 2282 720 2342 boo
743 2299 797 2342 cur
820 2282 917 2340 omnia
940 2279 1082 2341 membris

217 2392 253 2434 ex
276 2374 397 2433 ineunte
420 2389 492 2431 aevo
515 2377 712 2449 generascunt
736 2371 927 2449 ingenioque,
1116 2390 1155 2431 vec

218 2463 244 2522 si
265 2477 339 2540 uon,
363 2466 443 2520 certa
467 2477 521 2518 suo
544 2461 612 2537 quia
636 2461 748 2518 semine
772 2459 957 2535 seminioque

146 2565 199 2617 rec
217 2551 262 2608 vis
285 2550 376 2608 animi
398 2549 511 2626 pariter
533 2548 642 2606 crescit
664 2563 732 2605 cum
755 2563 878 2623 corpore
902 2540 1041 2623 quoque?

218 2636 296 2714 quod
320 2637 346 2696 si
369 2632 535 2694 inmortalis
558 2635 636 2693 leret
657 2641 687 2694 et
708 2639 824 2692 mutare
848 2631 958 2692 soleret

218 2741 355 2802 corpora,
377 2723 533 2801 permixtis
555 2723 719 2782 animantes
741 2719 875 2780 moribus
898 2727 1010 2780 esseut:

218 2811 361 2889 effugeret
384 2812 465 2870 canis
488 2809 623 2888 Hyrcano
647 2809 683 2869 de
707 2811 819 2869 semine
844 2826 930 2886 saepe
1117 2827 1157 2869 aco

218 2901 366 2978 cornigeri
388 2900 542 2958 incursum
565 2899 657 2978 cervi,
680 2903 880 2974 tremeretque
902 2913 957 2974 per
980 2911 1065 2955 auras

147 3001 199 3053 rto
218 2989 296 3047 aeris
320 2988 462 3066 accipiter
485 2986 600 3064 fugiens
623 2986 760 3045 veniente
784 2982 932 3062 columba,

204 3076 376 3155 desiperent
398 3075 546 3153 homines,
571 3079 707 3152 saperent
731 3072 793 3132 iera
816 3069 911 3131 saecla
934 3070 1072 3131 ferarum.

218 3161 290 3224 illud
313 3165 394 3224 enim
416 3162 489 3222 falsa
512 3162 607 3222 fertur
628 3162 757 3240 ratione,
780 3158 859 3238 quod
882 3159 965 3218 aiunt

218 3251 405 3313 inmortalem
428 3253 555 3311 animam
578 3255 689 3308 mutato
713 3265 837 3326 corpore
861 3246 953 3307 flecti:
1118 3265 1157 3308 ccc

217 3340 296 3418 quod
318 3345 449 3399 mutatur
472 3339 566 3416 enim,
589 3334 774 3416 dissolvitur,
797 3337 899 3395 interit
918 3350 997 3412 ergo.

146 3442 199 3494 tto
218 3429 396 3488 traiciuntur
419 3428 499 3486 enim
521 3430 622 3504 partes
640 3431 728 3502 atque
753 3424 855 3483 ordine
878 3424 1017 3501 migrant3

218 3533 309 3594 quare
333 3513 457 3574 dissolui
480 3530 597 3592 quoque
621 3511 732 3571 debent
752 3528 840 3589 posse
863 3516 1032 3589 peractus,
