2500 3882
632 215 749 296 nx
1113 213 1154 278 ea

168 380 206 430 95
218 365 249 422 in
271 367 412 441 promptu
435 364 603 440 quoniamst
623 364 655 421 in
677 364 774 441 prima
796 363 893 422 fronte
916 362 1016 423 locata.

145 457 371 529 223praeterea
393 451 533 528 quoniam
556 450 692 510 manibus
715 456 839 510 tractata
861 451 954 528 figura
1118 471 1157 512 aso

219 537 405 598 intenebris
429 537 570 616 quaedam
595 540 785 616 cognoscitur
806 556 871 598 esse
895 538 997 598 eadem
1020 556 1095 616 quae

147 645 200 694 100
220 628 354 687 cernitur
374 627 407 686 in
428 625 494 686 luce
518 633 548 686 et
570 625 648 686 claro
671 625 812 707 candore,
835 633 987 686 necessest

145 731 204 783 231
220 713 367 775 consimili
390 732 478 774 caussa
500 721 611 775 tactum
633 716 787 792 visumque
811 717 930 774 moveri.

219 820 299 863 nunc
320 803 412 880 igitur
435 803 461 862 si
484 801 658 879 quadratum
680 809 858 881 temptamus
882 809 911 862 et
933 801 963 862 id
987 819 1040 862 nos

220 896 384 950 commovet
406 889 606 970 intenebris,
629 892 661 950 in
683 889 744 951 luci
767 908 841 968 quae
864 893 974 969 poterit
996 908 1044 949 res
1118 911 1159 952 aaa

220 977 353 1039 accidere
376 977 413 1036 ad
437 979 566 1055 speciem
590 978 743 1058 quadrata,
766 981 826 1038 nisi
848 981 913 1039 eius
936 974 1054 1056 imago?

148 1082 201 1132 106
220 1084 286 1126 esse
310 1067 342 1125 in
365 1065 544 1143 imaginibus
568 1071 748 1145 quapropter
769 1085 857 1126 causa
879 1065 996 1127 videtur

146 1171 203 1223 236
218 1153 364 1215 cernundi
386 1171 482 1231 neque
505 1171 593 1232 posse
617 1156 682 1214 sine
704 1154 751 1214 his
774 1173 825 1214 res
845 1153 904 1214 ulla
926 1155 1029 1216 videri.

166 1260 204 1310 96
220 1247 371 1322 postremo
395 1241 524 1320 speculis
547 1243 578 1301 in
601 1260 675 1320 aqua
699 1241 914 1321 splendoreque
937 1245 969 1303 in
992 1245 1072 1302 omni

221 1347 422 1408 quaecumque
447 1336 589 1408 apparent
612 1329 698 1390 nobis
721 1329 892 1410 simulacra,
915 1337 1078 1410 necessest,

221 1417 457 1498 quandoquidem
481 1417 571 1478 simili
594 1419 692 1496 specie
716 1425 785 1477 sunt
807 1417 939 1496 praedita
961 1435 1075 1498 rerum,

146 1531 201 1579 110
220 1525 257 1568 ex
281 1525 315 1567 ea
337 1504 514 1584 imaginibus
537 1507 636 1566 missis
660 1507 822 1566 consistere
844 1523 958 1564 rerum:

147 1618 205 1670 102
221 1602 290 1656 sunt
312 1595 402 1672 igitur
424 1601 530 1655 tenues
554 1595 664 1653 sormac
687 1611 788 1653 rerum
811 1592 981 1671 similesque

221 1683 348 1762 elfigiae,
372 1681 542 1760 singillatim
566 1699 639 1760 quas
662 1699 784 1742 cernere
807 1699 894 1741 nemo

221 1790 288 1832 cum
310 1772 418 1850 possit,
440 1776 540 1831 tamen
562 1769 685 1832 adsiduo
708 1769 873 1848 crebroque
896 1768 1017 1848 repulsu

146 1882 204 1934 105
220 1861 347 1920 reiectae
371 1858 499 1918 reddunt
521 1858 709 1937 speculorum
732 1877 768 1918 ex
791 1876 919 1936 aequore
941 1859 1050 1939 visum,

148 1972 202 2020 115
221 1966 276 2008 nec
298 1948 410 2006 ratione
434 1945 491 2006 alia
514 1949 625 2006 serrari
648 1964 736 2025 posse
758 1946 908 2027 videntur,

220 2042 302 2095 tanto
326 2051 414 2112 opere
439 2040 471 2094 ut
495 2032 607 2093 similes
630 2033 792 2094 reddantur
815 2036 921 2112 cuique
944 2034 1064 2112 figurae.

147 2148 207 2200 127
266 2122 324 2183 Sed
347 2139 388 2184 ne.
407 2122 483 2181 sorte
506 2128 593 2200 putes
616 2140 652 2180 ea
675 2121 792 2181 demum
816 2120 878 2180 sola
900 2123 1012 2201 vagari,

221 2227 423 2290 quaecumque
446 2208 482 2268 ab
506 2208 596 2269 rebus
620 2227 721 2270 rerum
744 2207 900 2269 simulacra
923 2209 1078 2289 recedunt,

222 2307 291 2361 sunt
313 2300 401 2359 etiam
425 2315 498 2376 quae
523 2304 627 2376 sponte
651 2315 705 2357 sua
727 2299 888 2375 gignuntur
911 2298 1026 2374 etipsa

148 2413 203 2462 120
223 2388 443 2450 constituuntur
466 2387 497 2444 in
519 2384 576 2445 hoc
600 2383 694 2466 caelo,
718 2386 768 2464 qui
792 2385 900 2446 dicitnr
923 2388 981 2444 adr.

147 2494 297 2556 131quae
319 2474 421 2535 multis
444 2473 568 2533 formata
591 2473 687 2533 modis
711 2472 835 2534 sublime
858 2473 994 2534 feruntur

221 2583 277 2628 nec
301 2565 430 2641 speciem
453 2570 567 2622 mutare
592 2579 676 2622 suam
698 2561 840 2640 liquentia
863 2567 980 2622 cessant

223 2662 253 2715 et
275 2654 418 2729 cuiusque
441 2649 522 2710 modi
543 2649 706 2711 formarum
727 2656 842 2711 vertere
865 2652 896 2709 in
919 2666 999 2729 oras3

222 2750 256 2802 ut
278 2739 372 2800 nubes
395 2737 479 2798 facile
502 2738 651 2798 interdum
675 2756 865 2798 concrescere
890 2739 921 2796 in
944 2737 1001 2797 alto

150 2850 204 2901 125
223 2831 373 2891 cernimus
397 2825 552 2886 elmundi
575 2827 705 2905 speciem
727 2825 836 2885 violare
860 2842 1008 2903 serenam,

148 2938 206 2991 136
222 2923 290 2980 aira
313 2915 477 2976 mulcentes
499 2920 594 2974 motu:
618 2930 686 2973 nam
710 2931 796 2992 saepe
820 2911 976 2990 Gigantum

223 3023 274 3068 ora
296 3003 398 3064 volare·
417 3001 554 3062 videntur
578 3008 607 3062 et
628 3000 764 3061 umbram
787 3001 894 3061 ducere
917 2999 988 3079 late,

223 3092 374 3156 interdum
396 3092 495 3168 magni
517 3095 633 3150 montes
656 3088 810 3167 avolsaque
833 3106 902 3148 saxa

222 3180 374 3244 montibus
397 3180 509 3240 anteire
534 3184 564 3237 et
586 3176 678 3238 solem
702 3176 861 3238 succedere
883 3182 1014 3254 praeter,

149 3272 292 3340 leoinde
316 3268 388 3329 alios
411 3266 529 3328 trahere
553 3272 641 3344 atque
664 3266 804 3326 inducere
827 3262 914 3323 belua
936 3262 1060 3323 nimbos.
1120 3288 1160 3326 140

146 3378 207 3430 1⁶6
266 3353 274 3444 Η
287 3356 446 3418 Praeterea·
466 3353 553 3415 modo
578 3361 644 3414 cn'm
667 3353 756 3413 luerit
778 3352 975 3430 liquidissima
998 3351 1070 3412 caeli
1120 3374 1159 3413 roa

222 3452 397 3526 tempestae,
419 3461 562 3523 perquam
585 3440 682 3502 subito
706 3441 739 3500 lit
760 3439 879 3501 turbida
901 3439 1000 3520 foede,

507 3528 569 3592 102
589 3548 632 3607 sq.
647 3555 687 3578 =
703 3524 746 3590 65
765 3547 807 3607 sq.

911 3630 947 3680 a*
1043 3661 1050 3674 a
