2512 3874
151 202 213 267 188
635 203 675 257 VI

218 350 461 429 versabundaque
485 357 633 431 portatur,
658 357 726 431 post
749 352 840 410 incita
863 367 930 410 cum
953 350 998 409 vis

220 441 364 516 exagitata
386 439 465 498 foras
488 441 654 516 erumpitur
677 447 707 499 ct
730 437 818 498 simul
840 437 929 498 altam

219 525 376 586 diffindens
399 533 509 587 5555555
531 545 670 604 magnum
696 529 853 587 concinnat
875 526 997 585 hiatum.

149 616 248 674 58515
272 613 355 692 Syria
378 614 487 673 Sidone
511 614 589 692 quod
612 614 720 675 accidit
742 621 772 675 et
795 614 852 675 1515
872 613 946 692 degi
1122 633 1164 675 555

149 704 251 767 51015
272 701 488 783 Peloponneso,
512 721 584 781 quas
609 703 776 763 5515551515
799 704 907 762 animai

220 788 367 851 disturbat
389 788 480 850 urbes
502 798 533 849 ct
554 798 651 851 terrae
674 797 771 851 motus
796 789 931 850 obortus:

219 877 368 956 multaque
392 884 544 957 praetcrea
568 878 738 939 cecideumt
761 880 878 937 moenia
899 878 1014 955 magnis

217 964 347 1026 motibus
370 967 402 1026 in
425 968 528 1046 terris,
551 973 581 1026 55
602 965 713 1026 multae
735 984 790 1044 per
812 983 893 1025 mare
915 982 1037 1043 pessum

55 1065 66 1090 ·
148 1059 203 1111 590
219 1052 380 1114 subsedere
405 1055 466 1113 suis
489 1055 601 1132 pariter
624 1073 691 1114 cum
714 1052 827 1114 civibus
850 1051 948 1114 urbes.
1120 1074 1161 1116 555

149 1155 199 1205 555
220 1141 297 1220 quod
321 1143 380 1201 nisi
402 1143 565 1222 porumpit,
588 1149 688 1202 tamen
711 1145 839 1221 impetus
862 1143 926 1220 ipse
949 1141 1058 1200 animai

219 1237 250 1290 et
271 1229 334 1289 1555
356 1231 401 1290 515
423 1232 504 1289 55551
525 1248 581 1309 per
603 1230 707 1290 crebra
730 1230 874 1289 foramina
896 1235 992 1288 terrae

219 1316 395 1396 dispertitur
417 1325 451 1378 ut
472 1317 580 1378 horror
602 1325 632 1378 55
654 1320 761 1378 incutit
784 1316 852 1376 inde
876 1323 1050 1396 tremorem3

218 1405 313 1484 frigus
336 1408 382 1466 uti
404 1413 522 1466 nostros
539 1408 664 1484 penitus
687 1423 754 1466 cum
777 1405 913 1464 venitin
936 1410 1030 1483 artus,

148 1497 203 1549 595
219 1495 350 1554 concutit
371 1495 480 1554 invitos
503 1511 611 1571 cogens
633 1500 761 1554 55555555
785 1499 872 1570 atque
896 1508 1022 1551 movere.
1120 1513 1160 1555 555

128 1593 201 1644 Δ550
219 1583 340 1660 ancipiti
362 1580 512 1661 trepidant
534 1583 625 1660 igitur
647 1588 762 1641 5555555
785 1598 839 1659 per
861 1578 959 1659 urbis,

218 1676 296 1730 tecta
319 1687 447 1746 superne
469 1671 588 1749 timent,
610 1675 747 1729 metuunt
770 1669 885 1728 1515555
909 1684 1049 1726 cavernas

218 1758 310 1816 terrai
331 1774 370 1814 ne
393 1755 536 1816 dissoluat
557 1763 662 1816 natura
685 1762 821 1836 repente,

218 1861 277 1904 neu
300 1842 440 1902 distracta
462 1861 549 1903 suum
572 1843 629 1903 1555
653 1843 808 1922 dispandat
830 1843 943 1902 hiatum

148 1937 203 1988 500
218 1938 305 2009 atque
330 1932 392 1991 suis
415 1930 537 1990 contusa
560 1929 631 1990 55115
653 1932 800 2011 complere
824 1933 928 1991 ruinis.
1118 1951 1158 1992 eoo

148 2032 198 2083 555
217 2018 342 2099 proinde
365 2018 435 2078 licet
458 2020 590 2096 quamvis
614 2019 727 2079 caelum
749 2027 918 2097 terramque
940 2023 1063 2078 reantur

218 2110 388 2184 incorrupta
411 2106 475 2166 sore
498 2114 635 2167 aeternae
658 2106 792 2167 mandata
816 2106 918 2168 saluti:

218 2201 247 2255 et
269 2202 368 2254 tamen
390 2194 541 2254 interdum
563 2213 705 2273 praesens
727 2197 772 2254 515
795 2197 859 2273 ipsa
881 2193 987 2274 pericli

218 2282 318 2344 subdit
342 2290 371 2343 55
393 2282 472 2343 hunc
496 2280 648 2342 stimulum
671 2281 796 2359 quadam
818 2282 856 2341 de
878 2289 961 2360 parte
985 2283 1118 2363 timoris,

146 2375 201 2427 505
217 2389 254 2430 55
277 2370 404 2448 pedibus
427 2371 535 2449 raptim
557 2367 644 2429 tellus
668 2367 818 2429 subtracta
840 2369 952 2429 feratur
1118 2391 1158 2433 505

147 2461 248 2524 55015
270 2456 455 2536 barathrum,
478 2474 638 2535 rerumque
662 2463 803 2534 sequatur
824 2456 942 2535 prodita
965 2475 1081 2519 summa

216 2545 363 2626 funditus,
386 2552 416 2605 et
438 2545 488 2605 5155
511 2543 614 2605 mundi
638 2545 759 2605 contusa
781 2545 876 2605 ruina.

260 2631 345 2693 Nunc
368 2634 442 2692 ratio
466 2651 541 2710 quae
565 2634 616 2712 sit,
638 2650 693 2709 per
715 2632 815 2692 lauces
838 2634 948 2692 montis
971 2639 1005 2693 ut
1026 2631 1140 2694 Aetnae

146 2727 201 2778 540
215 2722 351 2800 expirent
373 2722 458 2798 ignes
481 2719 630 2780 interdum
653 2719 772 2780 turbine
795 2726 890 2800 tanto,
1119 2744 1159 2784 cao

217 2807 384 2887 expediam:
407 2824 503 2884 neque
527 2809 607 2867 enim
630 2806 773 2866 mediocri
796 2806 877 2867 clade
902 2815 1003 2868 coorta

146 2911 196 2963 555
215 2896 350 2956 tlammea
373 2901 533 2972 tempestas
557 2892 689 2954 Siculum
712 2894 861 2954 dominata
883 2913 938 2973 per
961 2913 1047 2974 agros

214 2984 351 3043 finitimis
374 2981 410 3042 ad
433 3000 465 3041 se
490 2983 634 3041 convertit
657 2979 794 3058 gentibus
818 2998 882 3061 ora,

215 3070 327 3130 fumida
350 3086 417 3129 cum
440 3066 514 3129 caeli
537 3066 698 3127 scintillare
722 3070 819 3128 omnia
841 3067 951 3148 templa

145 3162 200 3214 545
217 3163 373 3218 cernentes
395 3155 500 3234 pavida
523 3152 708 3233 cdmplebant
730 3162 850 3235 pectora
874 3174 959 3238 cura,
1118 3181 1157 3222 555

216 3243 286 3321 quid
309 3242 462 3304 moliretur
485 3259 585 3304 rerum
608 3249 712 3304 natura
736 3260 886 3304 novarum

146 3346 197 3395 540
259 3327 348 3388 Η1555
372 3329 427 3389 tibi
449 3333 481 3390 in
504 3329 595 3390 rebus
618 3329 704 3390 latest
727 3330 843 3410 alteque
866 3331 1027 3393 videndum

215 3421 246 3473 et
269 3413 356 3490 longe
380 3424 500 3477 cunctas
523 3420 555 3476 15
577 3419 670 3495 partis
695 3417 924 3500 dispiciendum,

216 3506 249 3559 ut
272 3502 474 3562 reminiscaris
497 3521 642 3564 summam
665 3523 765 3566 rerum
789 3525 854 3567 esse
877 3507 1057 3586 profundam
