2512 3874
621 233 661 288 VI
1080 233 1143 298 119

134 390 193 442 280
210 382 372 444 mobilitate
396 381 529 462 calescit,
552 388 583 442 et
605 400 621 442 e
644 381 816 462 contagibus
839 385 926 462 ignis.
1105 405 1145 446 roo

207 471 276 532 inde
298 469 351 530 ubi
372 469 516 548 percaluit
537 471 618 530 venti
640 472 684 530 vis
708 477 738 530 et
760 473 857 550 gravis
880 473 957 548 ignis

202 563 337 638 'impetus
359 559 496 639 incessit,
518 565 667 618 maturum
689 565 753 618 tum
775 561 859 638 quasi
882 559 993 619 fulmen

209 645 374 726 perscindit
397 645 495 706 subito
519 645 640 727 nubem,
663 647 815 725 ferturque
839 650 971 709 coruscis

136 752 189 802 280
210 737 308 795 omnia
331 733 493 794 luminibus
516 733 646 794 lustrans
668 734 732 795 loca
754 737 886 813 percitus
909 736 1005 796 ardor.

135 829 194 881 205
207 840 295 902 quem
318 825 415 901 gravis
438 824 606 901 insequitur
629 825 757 904 sonitus,
781 822 910 902 displosa
933 831 1055 902 repente
1106 844 1145 886 aso

209 911 334 971 obruere
357 917 391 970 ul
414 909 489 970 caeli
510 910 665 971 videantur
685 909 794 990 templa
818 929 954 990 superne.

208 999 277 1059 inde
301 1006 413 1059 tremor
435 1005 530 1058 terras
553 1001 682 1076 graviter
703 1005 893 1080 pertemptat,
917 1007 946 1061 et
969 999 1059 1060 altum

208 1105 360 1147 murmura
382 1093 561 1165 percurrunt
583 1086 710 1147 caelum:
733 1105 801 1146 nam
822 1094 884 1148 tota
906 1087 969 1147 lere
992 1094 1054 1148 tum

136 1193 189 1242 285
207 1181 368 1254 tempestas
390 1191 534 1234 concussa
555 1176 656 1235 tremit
678 1175 874 1254 fremitusque
897 1181 1059 1235 moventur.

134 1269 192 1322 290
208 1282 266 1343 quo
290 1262 326 1322 de
350 1280 497 1322 concussu
520 1265 654 1340 sequitur
676 1265 772 1341 gravis
795 1263 891 1324 imber
913 1271 943 1324 et
965 1263 1052 1344 uber,
1074 1299 1078 1312 μ
1105 1286 1144 1326 900

209 1353 304 1411 omnis
326 1353 371 1410 uti
392 1350 526 1410 videatur
548 1351 580 1409 in
601 1350 728 1411 imbrem
749 1353 861 1411 vertier
884 1352 984 1412 aether

209 1446 295 1518 atque
318 1440 359 1498 ita
381 1439 579 1517 praecipitans
602 1439 638 1498 ad
661 1438 801 1500 diluviem
823 1457 962 1499 revocare

632 1544 650 1584 *

207 1622 307 1675 tantus
330 1614 454 1674 discidio
477 1613 566 1674 nubis
589 1615 727 1693 ventique
750 1615 880 1693 procella

135 1722 188 1770 290
207 1705 348 1783 mittitur,
371 1702 487 1762 ardenti
510 1704 624 1762 sonitus
648 1719 715 1763 cum
736 1702 870 1782 provolat
891 1704 961 1764 ictu.

135 1801 194 1852 295
207 1799 253 1852 est
274 1793 363 1852 etiam
385 1809 453 1850 oum
475 1793 520 1850 vis
543 1793 727 1852 extrinsecus
749 1793 842 1852 incita
864 1793 944 1852 venti
1104 1813 1142 1854 osa

207 1877 312 1939 incidit
334 1881 366 1937 in
389 1877 512 1952 calidam
534 1886 650 1940 maturo
674 1879 795 1940 fulmine
818 1878 941 1960 nubem,

208 1984 296 2044 quam
319 1982 386 2026 cum
409 1965 565 2046 perscidit,
588 1967 734 2045 extemplo
757 1967 836 2028 cadit
858 1969 963 2046 igneus
986 1967 1035 2027 ille

206 2061 320 2134 vertex,
344 2071 432 2131 quem
454 2055 549 2131 patrio
573 2056 734 2114 vocitamus
758 2057 876 2114 nomine
901 2054 1019 2115 lrdmen.

135 2157 188 2208 995
206 2141 263 2202 boc
286 2142 319 2199 iit
341 2141 420 2200 idem
442 2143 474 2201 in
497 2143 590 2219 partis
614 2141 698 2220 alias,
721 2158 907 2220 quocumque
930 2141 998 2202 tulit
1019 2145 1072 2203 vis.

135 2237 192 2289 300
206 2231 239 2289 tit
262 2247 379 2308 quoque
402 2235 435 2290 ut
457 2228 607 2289 interdum
629 2231 709 2288 venti
730 2231 774 2288 vis
796 2231 887 2290 missa
911 2232 975 2290 sine
999 2231 1061 2308 igni
1103 2255 1143 2294 000

206 2319 332 2395 igniscat
353 2324 452 2377 tamen
475 2319 508 2376 in
531 2319 624 2396 spatio
647 2316 792 2394 longoque
818 2324 930 2397 meatu,

207 2405 278 2465 dum
300 2407 380 2465 venit
402 2407 540 2465 amittens
564 2407 595 2464 in
618 2423 707 2465 cursu
730 2421 854 2483 corpora
878 2405 1020 2483 quaedam

207 2493 341 2573 grandia,
365 2510 438 2571 quae
461 2498 614 2571 nequeunt
635 2494 747 2571 pariter
768 2499 924 2571 penetrare
947 2511 1001 2572 per
1025 2511 1124 2575 auras,

135 2600 188 2650 300
207 2588 293 2660 atque
317 2580 373 2641 alia
397 2599 433 2640 ex
457 2583 522 2659 ipso
546 2581 709 2641 conradens
732 2585 800 2641 aire
822 2587 920 2660 portat

134 2677 190 2730 305
205 2668 338 2748 parvola,
360 2686 435 2746 quae
459 2669 571 2729 faciunt
592 2671 691 2748 ignem
714 2671 872 2730 commixta
894 2668 1030 2751 voland03
1103 2691 1142 2733 005

207 2775 267 2816 non
290 2754 345 2816 alia
367 2756 454 2834 longe
478 2759 592 2817 ratione
615 2776 648 2818 ac
670 2757 808 2836 plumbea
832 2776 918 2836 saepe

206 2844 316 2906 fervida
339 2845 373 2904 fit
395 2844 478 2923 glans
501 2847 532 2904 in
555 2862 657 2925 ceusu,
680 2862 746 2905 cum
770 2844 861 2905 multa
884 2847 992 2924 rigoris

206 2949 330 3011 corpora
353 2933 505 3005 dimittens
528 2933 628 3009 ignem
650 2935 787 3011 concepit
809 2935 840 2992 in
863 2935 951 2993 auris.

133 3041 186 3091 305
205 3021 238 3080 fit
261 3037 380 3098 quoque
401 3027 435 3080 ut
457 3022 552 3098 ipsius
574 3017 675 3097 plagae
698 3022 744 3080 vis
767 3022 876 3080 excitet
898 3023 1010 3100 ignem,

132 3122 189 3173 310
205 3108 312 3186 frigida
335 3126 402 3168 cum
425 3109 505 3168 venti
523 3105 636 3185 pepulit
658 3109 701 3166 vis
724 3109 816 3167 missa
839 3109 903 3166 sine
927 3109 1000 3188 igni,
1103 3133 1143 3172 ero

204 3198 360 3277 nimirum,
383 3198 466 3276 quia,
488 3212 555 3255 cum
578 3185 706 3254 lementi
729 3193 857 3273 perculit
879 3197 953 3276 ictu,

205 3284 355 3345 confluere
379 3302 416 3344 ex
438 3286 502 3362 ipso
525 3289 652 3361 possunt
675 3281 819 3342 elementa
841 3285 972 3364 vaporis,

205 3380 234 3433 et
257 3372 346 3433 simul
369 3389 404 3432 ex
428 3371 478 3430 1119
502 3388 575 3448 quae
599 3377 662 3430 tum
685 3389 733 3430 res
758 3372 867 3449 exeipit
889 3371 998 3452 ictum3'

129 3477 185 3527 310
203 3469 249 3542 ut,
272 3460 400 3539 lapidem
422 3460 501 3518 ferro
526 3475 593 3518 cum
616 3458 779 3538 caedimus,
802 3458 897 3520 evolat
919 3462 1009 3540 ignis,

129 3557 186 3608 315
202 3568 272 3631 nec,
295 3548 374 3626 quod
397 3546 502 3624 lrigida
524 3548 569 3606 vis
591 3546 705 3628 ferrist,
727 3547 783 3607 boc
807 3549 900 3608 setius
923 3547 967 3608 illi

875 3649 928 3700 12*
