2500 3882
637 233 677 286 III

208 385 311 439 noctes
334 384 421 456 atque
445 377 509 438 dies
533 380 588 439 niti
609 385 777 457 praestante
800 379 899 439 labore

209 467 245 527 ad
269 483 400 526 summas
422 482 573 544 emergere
597 485 683 547 opes,
704 467 776 528 haec
798 467 919 528 vulnera
941 469 1017 528 vitae

207 573 268 614 non
290 557 442 614 minimam
464 563 580 633 partem
601 557 706 614 mortis
729 555 885 616 formidine
909 555 1034 616 aluntur.

149 659 190 708 65
208 644 304 722 turpis
328 645 407 703 enim
430 643 523 702 lerme
546 649 731 721 contemptus
755 651 784 704 et
806 646 883 704 acris
906 650 1021 722 egestas

209 738 321 792 semota
344 729 380 790 ab
404 730 483 791 dulci
505 733 564 791 vita
587 730 742 809 stabilique
765 731 903 792 videntur

208 826 239 880 et
261 821 346 898 quasi
367 821 426 878 iam
449 817 501 878 leti
523 825 624 898 portas
647 822 813 880 cunctarier
835 827 915 880 ante:

209 907 286 967 unde
308 907 444 967 homines
467 906 537 966 dum
560 925 591 967 se
614 906 687 967 falso
710 913 824 968 terrore
847 909 941 969 eoacti

209 996 346 1073 effugisse
369 994 470 1054 volunt
492 994 591 1075 longe,
614 994 758 1074 longeque
780 1013 924 1077 remosse,

153 1099 190 1150 ro
210 1085 350 1162 sanguine
373 1081 453 1143 civili
476 1100 540 1142 rem
563 1083 690 1143 conflant
712 1082 887 1163 divitiasque

209 1171 416 1250 conduplicant
439 1171 528 1251 avidi,
551 1171 670 1232 eaedem
693 1171 781 1232 caede
804 1171 1034 1254 accumulantes,

210 1258 345 1320 crudeles
367 1258 549 1338 gaudentio
571 1261 651 1319 tristi
673 1259 776 1320 funere
799 1260 912 1341 iratriS,

208 1355 238 1409 et
260 1349 511 1426 consanguineum
532 1364 649 1420 mensas
673 1346 761 1407 odere
784 1350 955 1426 timentque.
1046 1353 1049 1363 '

209 1435 356 1497 consimili
377 1437 490 1496 ratione
514 1433 550 1494 ab
573 1435 677 1495 eodem
700 1453 787 1514 saepe
810 1438 916 1496 timore

153 1540 189 1591 ‘15
207 1531 337 1585 macerat
359 1523 469 1584 invidia
492 1530 558 1583 ante
582 1522 683 1583 oeulos
705 1523 789 1583 illum
811 1541 877 1584 esse
899 1530 1062 1605 potentem,

207 1613 292 1674 illum
314 1614 472 1691 aspectari,
495 1611 574 1672 claro
598 1613 650 1690 qui
671 1611 782 1672 incedit
803 1611 927 1692 honore3

208 1703 267 1780 ipsi
290 1719 321 1760 se
344 1699 530 1760 intenebris
552 1699 628 1759 volvi
651 1717 799 1778 caenoque
825 1707 997 1778 queruntur.

206 1791 357 1849 intereunt
378 1789 486 1867 partim
510 1794 671 1848 statuarum
694 1794 724 1848 et
746 1790 874 1848 nominis
897 1806 975 1867 ergo.

207 1883 237 1937 et
260 1894 347 1955 saepe
368 1893 463 1954 usque
487 1875 572 1956 adeo,
595 1877 700 1936 mortis
722 1875 892 1956 formidine,
914 1878 990 1937 vitae

152 1981 188 2029 80
206 1966 334 2043 percipit
354 1963 497 2024 humanos
521 1962 621 2024 odium
644 1963 778 2043 lucisque
800 1963 955 2045 videndae,

207 2059 240 2112 ut
263 2051 320 2111 sibi
343 2054 527 2112 consciscant
548 2053 693 2111 maerenti
714 2058 834 2130 pectore
856 2052 961 2132 letum,

208 2138 292 2199 obliti
313 2140 424 2200 iontem
447 2157 584 2200 summm
606 2139 685 2199 hunc
708 2156 773 2198 esse
796 2141 946 2219 timorem,

206 2227 285 2288 hunc
308 2245 412 2288 vexare
435 2227 592 2308 pudorem,
615 2226 694 2287 hunc
716 2225 832 2286 vincula
855 2227 993 2286 amicitiai

207 2333 345 2395 rumpere
368 2322 397 2375 et
420 2317 452 2375 in
475 2331 588 2376 summa
609 2317 750 2394 pietatem
773 2320 904 2374 evertere
923 2310 946 2393 †
965 2314 1080 2375 suadet:

154 2417 188 2467 85
206 2421 274 2464 nam
297 2405 355 2463 iam
378 2420 465 2482 saepe
487 2403 622 2463 homines
643 2405 769 2482 patriam
791 2420 933 2481 carosque
957 2405 1087 2482 parentis

204 2490 400 2570 prodiderunt
421 2493 513 2551 vitare
536 2490 697 2551 Acherusia
719 2491 827 2570 templa
848 2498 992 2570 petentes.

205 2597 274 2639 nam
297 2578 388 2639 veluti
409 2581 495 2658 pueri
517 2579 665 2658 trepidant
687 2585 775 2657 atque
798 2582 896 2640 omnia
919 2581 1014 2641 caeeis

206 2669 237 2728 in
260 2667 392 2727 tenebris
413 2674 561 2748 metuunt,
585 2669 628 2728 sic
649 2685 704 2727 nos
727 2669 758 2726 in
781 2665 846 2728 luce
869 2669 1007 2729 timemus

206 2755 368 2835 interdum,
391 2754 452 2814 nilo
475 2773 548 2834 quae
572 2762 641 2816 sunt
662 2754 819 2816 metuenda
841 2758 934 2835 magis
958 2774 1045 2834 quam

152 2859 187 2909 90
206 2862 280 2922 quae
302 2845 389 2922 pueri
411 2844 443 2902 in
466 2843 597 2903 tenebris
619 2846 751 2922 pavitant
773 2843 944 2923 finguntque
968 2845 1074 2904 lutura.

205 2931 284 2993 hunc
306 2933 399 3009 igitur
420 2938 565 2991 terrorem
588 2934 680 2992 animi
701 2931 897 3011 tenebrasque
920 2938 1072 2992 necessest

204 3037 264 3079 non
287 3020 363 3079 radii
386 3018 457 3079 solis
479 3036 576 3097 neque
598 3019 695 3080 lucida
717 3020 775 3080 tela
798 3020 857 3080 diei

206 3107 378 3188 discutiant,
401 3106 454 3167 sed
476 3113 598 3167 naturae
622 3110 736 3187 species
758 3110 901 3187 ratioque.

247 3195 380 3257 Primum
402 3197 533 3255 animum
552 3195 627 3275 dico,
649 3202 778 3255 mentem
797 3213 884 3273 quam
903 3212 989 3273 saepe
1008 3213 1154 3276 vocamus,

151 3298 186 3348 95
204 3284 236 3343 in
259 3301 317 3363 quo
341 3283 497 3344 consilium
519 3285 596 3343 vitae
618 3285 809 3361 regimenque
832 3281 1000 3364 locatumst,

204 3389 270 3432 esse
292 3372 421 3432 hominis
443 3378 555 3450 partem
578 3369 639 3431 nilo
661 3373 759 3430 minus
781 3388 816 3441 ac
839 3387 942 3431 manus
966 3378 996 3432 et
1017 3389 1070 3450 pes

203 3465 290 3538 atque
314 3459 392 3520 oculi
414 3465 513 3537 partes
537 3461 693 3520 animantis
716 3459 807 3518 totius
830 3465 937 3519 extant
