2500 3882
116 244 294 309 84·
598 240 638 294 ΙΙΙ

187 390 264 468 quod
287 390 353 450 lieri
375 395 470 450 totum
493 395 595 448 contra
617 386 773 447 manifesta
796 384 882 444 docet
903 400 966 443 res:
1084 403 1125 442 eoo

117 493 168 546 685
185 495 312 556 namque
335 479 377 537 ita
400 483 539 536 conexast
561 494 615 554 per
637 493 726 536 venas
749 475 862 534 viscera
884 488 991 531 nervos

187 583 326 645 ossaque,
348 566 393 626 uti
415 564 520 624 dentes
543 581 661 642 quoque
684 580 775 623 sensu
796 561 1024 640 participentur;

186 653 309 713 morbus
331 659 365 712 ut
387 651 511 732 iudicat,
534 659 564 712 et
586 651 693 730 gelidai
716 652 847 726 stringor
869 649 969 726 aquai,

187 748 217 802 et
239 741 314 820 lapis
337 757 497 818 oppressus
520 738 618 800 subito
642 739 689 798 bis
713 756 729 797 e
752 735 888 815 frugibus
911 753 1005 813 asper.
1085 754 1128 793 coe

187 847 279 908 quare
287 830 470 905 etiamatque
478 829 670 906 etiamneque
678 827 802 904 originis
810 842 876 885 esse
883 821 1077 902 putandumst
1086 843 1128 882 cea

118 935 169 983 690
188 918 319 995 expertis
341 917 453 976 animas
477 933 532 976 uec
555 914 607 975 leti
628 914 693 993 lege
718 911 841 974 solutas:

188 1021 256 1064 nam
278 1021 375 1081 neque
397 1009 479 1064 tanto
503 1021 592 1082 opere
615 1002 733 1062 adnecti
755 1002 888 1080 potuisse
910 997 1104 1077 putandumst

189 1090 363 1170 corporibus
386 1093 496 1151 nostris
520 1092 704 1150 extrinsecus
726 1091 906 1167 insinuatas,

1236 389 1238 468 i

188 1198 257 1259 nec,
279 1186 340 1239 tam
363 1185 516 1240 contextae
538 1195 606 1238 cum
629 1180 702 1257 siut,
725 1178 807 1236 exire
830 1175 967 1236 videntur
1088 1191 1130 1234 eea
1237 1195 1238 1210 2

189 1266 352 1327 incolumes
375 1285 463 1346 posse
486 1273 517 1326 et
539 1265 633 1326 salvas
656 1263 807 1325 exsolvere
831 1281 897 1324 sese

120 1370 171 1422 ces
190 1356 327 1415 omuibus
350 1373 366 1415 e
390 1356 488 1415 nervis
511 1361 598 1432 atque
622 1352 740 1413 ossibus
764 1351 962 1429 articulisque.

190 1443 268 1522 quod
292 1445 318 1504 si
341 1442 416 1503 lorte
438 1450 525 1521 putas
547 1443 733 1502 extrinsecus
755 1442 933 1500 insinuatam

189 1549 363 1610 permanare
386 1532 513 1591 animam
535 1528 622 1589 nobis
644 1547 698 1608 per
720 1526 854 1588 membra
876 1525 985 1605 solere,

190 1626 271 1679 tanto
295 1621 405 1697 quique
427 1619 521 1695 magis
544 1634 612 1676 cum
635 1634 759 1694 corpore
782 1616 847 1676 lusa
869 1614 987 1693 peribit
1090 1634 1131 1674 roo

190 1701 199 1788 d
213 1705 292 1783 quod
314 1712 468 1784 permanat
490 1706 582 1784 euim,
605 1703 789 1783 dissolvitur,
811 1705 914 1763 interit
936 1697 1045 1780 ergoll

122 1810 174 1861 τοο
192 1792 367 1872 dispertitus
390 1793 469 1851 enim
491 1809 545 1870 per
568 1790 666 1851 caulas
690 1793 823 1870 corporis
847 1792 943 1850 omnis

190 1888 225 1942 ut
247 1879 344 1960 cibus,
367 1881 398 1938 in
420 1879 552 1938 membra
575 1885 662 1957 atque
686 1886 767 1940 artus
791 1897 859 1939 cum
881 1877 993 1938 diditur
1016 1878 1129 1957 omnis,

191 1969 316 2047 disperit
338 1975 425 2046 atque
449 1965 536 2026 aliam
557 1973 693 2027 naturam
716 1967 826 2027 suflicit
848 1985 885 2027 ex
909 1984 954 2044 se,

192 2058 236 2116 sic
258 2058 355 2116 anima
377 2061 464 2134 atque
487 2056 603 2115 animus
627 2057 760 2133 quamvis
782 2056 897 2132 integra
914 2070 1020 2113 recens
1038 2049 1074 2112 iu
1090 2073 1130 2114 roa
1236 2035 1237 2114 i

191 2162 300 2222 corpus
323 2149 407 2223 eunt,
429 2149 528 2203 umen
551 2144 583 2203 in
605 2142 750 2202 manando
774 2141 990 2222 dissoluuntur,

122 2248 173 2299 70⁶
192 2233 262 2293 dum
285 2234 371 2310 quasi
392 2248 446 2310 per
469 2230 567 2291 caulas
590 2232 686 2290 omnis
709 2230 851 2291 diduntur
873 2231 904 2288 in
927 2236 1010 2290 artus

190 2319 351 2400 particulae
375 2319 483 2398 quibus
506 2318 579 2378 baec
601 2320 692 2378 animi
714 2325 819 2378 natura
841 2325 973 2397 creatur,

191 2426 267 2487 quae
289 2425 368 2468 nunc
391 2409 423 2467 in
446 2412 549 2466 nostro
571 2405 740 2466 dominatur
763 2423 888 2484 corpore
910 2412 978 2466 nata

192 2514 227 2555 ex
250 2493 299 2553 illa
323 2512 397 2572 quae
420 2501 484 2554 tum
506 2495 597 2572 periit
617 2496 726 2572 partita
748 2511 802 2572 per
825 2499 916 2553 artus.
1093 2513 1132 2552 uo

191 2588 372 2660 quapropter
394 2599 490 2659 neque
513 2579 602 2641 natali
624 2583 737 2658 privata
760 2581 878 2641 videtur

123 2686 173 2735 710
192 2686 259 2729 esse
282 2668 329 2728 die
352 2676 456 2729 natura
479 2669 593 2728 animae
616 2686 672 2728 nec
695 2668 809 2729 funeris
832 2687 947 2747 expers.

236 2755 354 2816 Semina
375 2761 529 2834 praeterea
551 2754 735 2837 linquontur,
758 2774 867 2836 necne,
890 2758 998 2816 animai

191 2861 316 2923 corpore
339 2845 370 2903 in
393 2839 549 2903 exanimo?
585 2843 663 2921 quod
687 2846 713 2903 si
734 2842 887 2904 lincuntur
909 2851 939 2904 et
961 2846 1078 2923 insunt,

190 2933 262 2994 baut
285 2933 343 2992 erit
365 2938 398 2991 ut
419 2933 526 2990 merito
548 2929 713 2992 inmortalis
735 2934 831 3010 possit
852 2930 969 3011 baberi,
1092 2953 1131 2992 ue

191 3020 324 3100 partibus
348 3020 465 3079 amissis
489 3020 628 3096 quoniam
650 3018 739 3079 libata
761 3021 900 3080 recessit:

122 3124 174 3173 tto
192 3111 239 3168 sin
262 3111 303 3168 ita
326 3108 451 3167 sinceris
474 3106 615 3166 membris
638 3106 733 3167 ablata
755 3107 900 3187 profugit,

192 3201 225 3255 ut
247 3195 342 3255 nullas
365 3197 457 3274 partis
481 3196 513 3253 in
536 3211 658 3272 corpora
682 3194 804 3273 liquerit
827 3213 863 3255 ex
887 3212 934 3275 se,

192 3280 271 3342 unde
294 3282 433 3342 cadavera
457 3284 590 3342 rancenti
613 3285 671 3342 iam
693 3285 808 3342 viscere
831 3300 947 3342 vermes

194 3370 342 3448 expirant,
365 3376 453 3448 atque
475 3370 554 3430 unde
577 3372 760 3430 animantum
784 3373 868 3450 copia
890 3377 972 3430 tanta

195 3471 265 3514 exos
289 3461 318 3514 ct
341 3460 498 3536 exsanguis
522 3457 650 3518 tumidos
674 3457 852 3536 perfluctuat
868 3455 973 3519 artus?

126 3557 177 3598 ooo
196 3540 274 3619 quod
298 3543 324 3600 si
347 3541 423 3605 lorte
446 3547 558 3606 animas
582 3548 768 3606 extrinsecus
790 3548 936 3606 insinuari
